%YAML 1.1
%TAG !u! tag:unity3d.com,2011:
--- !u!54 &1549847569
Rigidbody:
  m_ObjectHideFlags: 0
  m_CorrespondingSourceObject: {fileID: 0}
  m_PrefabInstance: {fileID: 0}
  m_PrefabAsset: {fileID: 0}
  m_GameObject: {fileID: 5153947152661189649}
  serializedVersion: 2
  m_Mass: 1
  m_Drag: 0
  m_AngularDrag: 0.05
  m_UseGravity: 1
  m_IsKinematic: 0
  m_Interpolate: 0
  m_Constraints: 0
  m_CollisionDetection: 1
--- !u!65 &1549847571
BoxCollider:
  m_ObjectHideFlags: 0
  m_CorrespondingSourceObject: {fileID: 0}
  m_PrefabInstance: {fileID: 0}
  m_PrefabAsset: {fileID: 0}
  m_GameObject: {fileID: 5153947152661189649}
  m_Material: {fileID: 0}
  m_IsTrigger: 1
  m_Enabled: 1
  serializedVersion: 2
  m_Size: {x: 1, y: 1, z: 1}
  m_Center: {x: 0, y: 0, z: 0}
--- !u!114 &1549847570
MonoBehaviour:
  m_ObjectHideFlags: 0
  m_CorrespondingSourceObject: {fileID: 0}
  m_PrefabInstance: {fileID: 0}
  m_PrefabAsset: {fileID: 0}
  m_GameObject: {fileID: 5153947152661189649}
  m_Enabled: 1
  m_EditorHideFlags: 0
  m_Script: {fileID: 11500000, guid: 9d4a4f14feea8164aa68f6be17c61013, type: 3}
  m_Name: 
  m_EditorClassIdentifier: 
  maxHealth: 25
  health: 25
  executeThreshold: 0.3
--- !u!114 &1549847572
MonoBehaviour:
  m_ObjectHideFlags: 0
  m_CorrespondingSourceObject: {fileID: 0}
  m_PrefabInstance: {fileID: 0}
  m_PrefabAsset: {fileID: 0}
  m_GameObject: {fileID: 5153947152661189649}
  m_Enabled: 1
  m_EditorHideFlags: 0
  m_Script: {fileID: 11500000, guid: bc8f03b5f6334014e8fde4d27c01bf5f, type: 3}
  m_Name: 
  m_EditorClassIdentifier: 
  player: {fileID: 0}
  attackDamage: 10
  attackRange: 2
  spellDamage: 0
  spellRange: 0
  spotRange: 25
  attackCooldown: 4
  movementSpeed: 120
  minRange: 1.8
--- !u!114 &5631073032538775053
MonoBehaviour:
  m_ObjectHideFlags: 0
  m_CorrespondingSourceObject: {fileID: 0}
  m_PrefabInstance: {fileID: 0}
  m_PrefabAsset: {fileID: 0}
  m_GameObject: {fileID: 5153947152661189649}
  m_Enabled: 1
  m_EditorHideFlags: 0
  m_Script: {fileID: 11500000, guid: 51e2e619f41bb374998c8fb4c2fda1e8, type: 3}
  m_Name: 
  m_EditorClassIdentifier: 
--- !u!1 &8047125366919615561
GameObject:
  m_ObjectHideFlags: 0
  m_CorrespondingSourceObject: {fileID: 0}
  m_PrefabInstance: {fileID: 0}
  m_PrefabAsset: {fileID: 0}
  serializedVersion: 6
  m_Component:
  - component: {fileID: 7505982431626879654}
  - component: {fileID: 5284385493649463524}
  - component: {fileID: 8212431128923488850}
  - component: {fileID: 5994138556433544443}
  - component: {fileID: 3387631806768261459}
  m_Layer: 0
  m_Name: Canvas
  m_TagString: Untagged
  m_Icon: {fileID: 0}
  m_NavMeshLayer: 0
  m_StaticEditorFlags: 0
  m_IsActive: 1
--- !u!224 &7505982431626879654
RectTransform:
  m_ObjectHideFlags: 0
  m_CorrespondingSourceObject: {fileID: 0}
  m_PrefabInstance: {fileID: 0}
  m_PrefabAsset: {fileID: 0}
  m_GameObject: {fileID: 8047125366919615561}
  m_LocalRotation: {x: -0, y: -0, z: -0, w: 1}
  m_LocalPosition: {x: 0, y: 0, z: 0}
  m_LocalScale: {x: 0.65, y: 0.75, z: 0.65}
  m_Children:
  - {fileID: 6980115641037336954}
  m_Father: {fileID: 5153947152661481521}
  m_RootOrder: 6
  m_LocalEulerAnglesHint: {x: 0, y: 0, z: 0}
  m_AnchorMin: {x: 0.5, y: 0.5}
  m_AnchorMax: {x: 0.5, y: 0.5}
  m_AnchoredPosition: {x: 0, y: 0.44}
  m_SizeDelta: {x: 10, y: 5}
  m_Pivot: {x: 0.5, y: 0.5}
--- !u!223 &5284385493649463524
Canvas:
  m_ObjectHideFlags: 0
  m_CorrespondingSourceObject: {fileID: 0}
  m_PrefabInstance: {fileID: 0}
  m_PrefabAsset: {fileID: 0}
  m_GameObject: {fileID: 8047125366919615561}
  m_Enabled: 1
  serializedVersion: 3
  m_RenderMode: 2
  m_Camera: {fileID: 0}
  m_PlaneDistance: 100
  m_PixelPerfect: 0
  m_ReceivesEvents: 1
  m_OverrideSorting: 0
  m_OverridePixelPerfect: 0
  m_SortingBucketNormalizedSize: 0
  m_AdditionalShaderChannelsFlag: 0
  m_SortingLayerID: 0
  m_SortingOrder: 0
  m_TargetDisplay: 0
--- !u!114 &8212431128923488850
MonoBehaviour:
  m_ObjectHideFlags: 0
  m_CorrespondingSourceObject: {fileID: 0}
  m_PrefabInstance: {fileID: 0}
  m_PrefabAsset: {fileID: 0}
  m_GameObject: {fileID: 8047125366919615561}
  m_Enabled: 1
  m_EditorHideFlags: 0
  m_Script: {fileID: 11500000, guid: 0cd44c1031e13a943bb63640046fad76, type: 3}
  m_Name: 
  m_EditorClassIdentifier: 
  m_UiScaleMode: 0
  m_ReferencePixelsPerUnit: 100
  m_ScaleFactor: 1
  m_ReferenceResolution: {x: 800, y: 600}
  m_ScreenMatchMode: 0
  m_MatchWidthOrHeight: 0
  m_PhysicalUnit: 3
  m_FallbackScreenDPI: 96
  m_DefaultSpriteDPI: 96
  m_DynamicPixelsPerUnit: 1
--- !u!114 &5994138556433544443
MonoBehaviour:
  m_ObjectHideFlags: 0
  m_CorrespondingSourceObject: {fileID: 0}
  m_PrefabInstance: {fileID: 0}
  m_PrefabAsset: {fileID: 0}
  m_GameObject: {fileID: 8047125366919615561}
  m_Enabled: 1
  m_EditorHideFlags: 0
  m_Script: {fileID: 11500000, guid: dc42784cf147c0c48a680349fa168899, type: 3}
  m_Name: 
  m_EditorClassIdentifier: 
  m_IgnoreReversedGraphics: 1
  m_BlockingObjects: 0
  m_BlockingMask:
    serializedVersion: 2
    m_Bits: 4294967295
--- !u!225 &3387631806768261459
CanvasGroup:
  m_ObjectHideFlags: 0
  m_CorrespondingSourceObject: {fileID: 0}
  m_PrefabInstance: {fileID: 0}
  m_PrefabAsset: {fileID: 0}
  m_GameObject: {fileID: 8047125366919615561}
  m_Enabled: 1
  m_Alpha: 1
  m_Interactable: 1
  m_BlocksRaycasts: 1
  m_IgnoreParentGroups: 0
--- !u!1001 &5153947152661090993
PrefabInstance:
  m_ObjectHideFlags: 0
  serializedVersion: 2
  m_Modification:
    m_TransformParent: {fileID: 0}
    m_Modifications:
    - target: {fileID: 100000, guid: b2b64690726d3492892bd2e15ca37563, type: 3}
      propertyPath: m_Name
      value: Melee Eldritch V2 Variant
      objectReference: {fileID: 0}
    - target: {fileID: 100000, guid: b2b64690726d3492892bd2e15ca37563, type: 3}
      propertyPath: m_TagString
      value: Eldritch
      objectReference: {fileID: 0}
    - target: {fileID: 400000, guid: b2b64690726d3492892bd2e15ca37563, type: 3}
      propertyPath: m_LocalPosition.x
      value: 0
      objectReference: {fileID: 0}
    - target: {fileID: 400000, guid: b2b64690726d3492892bd2e15ca37563, type: 3}
      propertyPath: m_LocalPosition.y
      value: 0
      objectReference: {fileID: 0}
    - target: {fileID: 400000, guid: b2b64690726d3492892bd2e15ca37563, type: 3}
      propertyPath: m_LocalPosition.z
      value: 0
      objectReference: {fileID: 0}
    - target: {fileID: 400000, guid: b2b64690726d3492892bd2e15ca37563, type: 3}
      propertyPath: m_LocalRotation.x
      value: 0
      objectReference: {fileID: 0}
    - target: {fileID: 400000, guid: b2b64690726d3492892bd2e15ca37563, type: 3}
      propertyPath: m_LocalRotation.y
      value: 0
      objectReference: {fileID: 0}
    - target: {fileID: 400000, guid: b2b64690726d3492892bd2e15ca37563, type: 3}
      propertyPath: m_LocalRotation.z
      value: 0
      objectReference: {fileID: 0}
    - target: {fileID: 400000, guid: b2b64690726d3492892bd2e15ca37563, type: 3}
      propertyPath: m_LocalRotation.w
      value: 1
      objectReference: {fileID: 0}
    - target: {fileID: 400000, guid: b2b64690726d3492892bd2e15ca37563, type: 3}
      propertyPath: m_RootOrder
      value: 0
      objectReference: {fileID: 0}
    - target: {fileID: 400000, guid: b2b64690726d3492892bd2e15ca37563, type: 3}
      propertyPath: m_LocalEulerAnglesHint.x
      value: 0
      objectReference: {fileID: 0}
    - target: {fileID: 400000, guid: b2b64690726d3492892bd2e15ca37563, type: 3}
      propertyPath: m_LocalEulerAnglesHint.y
      value: 0
      objectReference: {fileID: 0}
    - target: {fileID: 400000, guid: b2b64690726d3492892bd2e15ca37563, type: 3}
      propertyPath: m_LocalEulerAnglesHint.z
      value: 0
      objectReference: {fileID: 0}
    - target: {fileID: 9500000, guid: b2b64690726d3492892bd2e15ca37563, type: 3}
      propertyPath: m_Controller
      value: 
      objectReference: {fileID: 9100000, guid: 953e6730754a04c47851258fbbd645d4, type: 2}
    m_RemovedComponents: []
  m_SourcePrefab: {fileID: 100100000, guid: b2b64690726d3492892bd2e15ca37563, type: 3}
--- !u!1 &5153947152661189649 stripped
GameObject:
  m_CorrespondingSourceObject: {fileID: 100000, guid: b2b64690726d3492892bd2e15ca37563,
    type: 3}
  m_PrefabInstance: {fileID: 5153947152661090993}
  m_PrefabAsset: {fileID: 0}
--- !u!4 &5153947152661481521 stripped
Transform:
  m_CorrespondingSourceObject: {fileID: 400000, guid: b2b64690726d3492892bd2e15ca37563,
    type: 3}
  m_PrefabInstance: {fileID: 5153947152661090993}
  m_PrefabAsset: {fileID: 0}
--- !u!1001 &6247554867241988778
PrefabInstance:
  m_ObjectHideFlags: 0
  serializedVersion: 2
  m_Modification:
    m_TransformParent: {fileID: 7505982431626879654}
    m_Modifications:
    - target: {fileID: 3921962634094904272, guid: dc18c30bf3e36d840a01a190e76ad810,
        type: 3}
      propertyPath: m_LocalPosition.x
      value: 0
      objectReference: {fileID: 0}
    - target: {fileID: 3921962634094904272, guid: dc18c30bf3e36d840a01a190e76ad810,
        type: 3}
      propertyPath: m_LocalPosition.y
      value: 0
      objectReference: {fileID: 0}
    - target: {fileID: 3921962634094904272, guid: dc18c30bf3e36d840a01a190e76ad810,
        type: 3}
      propertyPath: m_LocalPosition.z
      value: 0
      objectReference: {fileID: 0}
    - target: {fileID: 3921962634094904272, guid: dc18c30bf3e36d840a01a190e76ad810,
        type: 3}
      propertyPath: m_LocalRotation.x
      value: -0
      objectReference: {fileID: 0}
    - target: {fileID: 3921962634094904272, guid: dc18c30bf3e36d840a01a190e76ad810,
        type: 3}
      propertyPath: m_LocalRotation.y
      value: -0
      objectReference: {fileID: 0}
    - target: {fileID: 3921962634094904272, guid: dc18c30bf3e36d840a01a190e76ad810,
        type: 3}
      propertyPath: m_LocalRotation.z
      value: -0
      objectReference: {fileID: 0}
    - target: {fileID: 3921962634094904272, guid: dc18c30bf3e36d840a01a190e76ad810,
        type: 3}
      propertyPath: m_LocalRotation.w
      value: 1
      objectReference: {fileID: 0}
    - target: {fileID: 3921962634094904272, guid: dc18c30bf3e36d840a01a190e76ad810,
        type: 3}
      propertyPath: m_RootOrder
      value: 0
      objectReference: {fileID: 0}
    - target: {fileID: 3921962634094904272, guid: dc18c30bf3e36d840a01a190e76ad810,
        type: 3}
      propertyPath: m_LocalEulerAnglesHint.x
      value: 0
      objectReference: {fileID: 0}
    - target: {fileID: 3921962634094904272, guid: dc18c30bf3e36d840a01a190e76ad810,
        type: 3}
      propertyPath: m_LocalEulerAnglesHint.y
      value: 0
      objectReference: {fileID: 0}
    - target: {fileID: 3921962634094904272, guid: dc18c30bf3e36d840a01a190e76ad810,
        type: 3}
      propertyPath: m_LocalEulerAnglesHint.z
      value: 0
      objectReference: {fileID: 0}
    - target: {fileID: 3921962634094904272, guid: dc18c30bf3e36d840a01a190e76ad810,
        type: 3}
      propertyPath: m_AnchoredPosition.x
      value: 0
      objectReference: {fileID: 0}
    - target: {fileID: 3921962634094904272, guid: dc18c30bf3e36d840a01a190e76ad810,
        type: 3}
      propertyPath: m_AnchoredPosition.y
      value: -0.5866667
      objectReference: {fileID: 0}
    - target: {fileID: 3921962634094904272, guid: dc18c30bf3e36d840a01a190e76ad810,
        type: 3}
      propertyPath: m_SizeDelta.x
      value: 100
      objectReference: {fileID: 0}
    - target: {fileID: 3921962634094904272, guid: dc18c30bf3e36d840a01a190e76ad810,
        type: 3}
      propertyPath: m_SizeDelta.y
      value: 100
      objectReference: {fileID: 0}
    - target: {fileID: 3921962634094904272, guid: dc18c30bf3e36d840a01a190e76ad810,
        type: 3}
      propertyPath: m_AnchorMin.x
      value: 0.5
      objectReference: {fileID: 0}
    - target: {fileID: 3921962634094904272, guid: dc18c30bf3e36d840a01a190e76ad810,
        type: 3}
      propertyPath: m_AnchorMin.y
      value: 0.5
      objectReference: {fileID: 0}
    - target: {fileID: 3921962634094904272, guid: dc18c30bf3e36d840a01a190e76ad810,
        type: 3}
      propertyPath: m_AnchorMax.x
      value: 0.5
      objectReference: {fileID: 0}
    - target: {fileID: 3921962634094904272, guid: dc18c30bf3e36d840a01a190e76ad810,
        type: 3}
      propertyPath: m_AnchorMax.y
      value: 0.5
      objectReference: {fileID: 0}
    - target: {fileID: 3921962634094904272, guid: dc18c30bf3e36d840a01a190e76ad810,
        type: 3}
      propertyPath: m_Pivot.x
      value: 0.5
      objectReference: {fileID: 0}
    - target: {fileID: 3921962634094904272, guid: dc18c30bf3e36d840a01a190e76ad810,
        type: 3}
      propertyPath: m_Pivot.y
      value: 0.5
      objectReference: {fileID: 0}
    - target: {fileID: 3921962634094904272, guid: dc18c30bf3e36d840a01a190e76ad810,
        type: 3}
      propertyPath: m_LocalScale.x
      value: 1.5384616
      objectReference: {fileID: 0}
    - target: {fileID: 3921962634094904272, guid: dc18c30bf3e36d840a01a190e76ad810,
        type: 3}
      propertyPath: m_LocalScale.y
      value: 1.3333334
      objectReference: {fileID: 0}
    - target: {fileID: 3921962634094904272, guid: dc18c30bf3e36d840a01a190e76ad810,
        type: 3}
      propertyPath: m_LocalScale.z
      value: 1.5384616
      objectReference: {fileID: 0}
    - target: {fileID: 4988738836618118338, guid: dc18c30bf3e36d840a01a190e76ad810,
        type: 3}
      propertyPath: m_AnchorMax.x
      value: 0
      objectReference: {fileID: 0}
    - target: {fileID: 4988738836618118338, guid: dc18c30bf3e36d840a01a190e76ad810,
        type: 3}
      propertyPath: m_AnchorMax.y
      value: 0
      objectReference: {fileID: 0}
    - target: {fileID: 6639934000307635057, guid: dc18c30bf3e36d840a01a190e76ad810,
        type: 3}
      propertyPath: m_Name
      value: Health Bar Advanced
      objectReference: {fileID: 0}
    - target: {fileID: 8409774613823109523, guid: dc18c30bf3e36d840a01a190e76ad810,
        type: 3}
      propertyPath: m_AnchorMax.x
      value: 0
      objectReference: {fileID: 0}
    - target: {fileID: 8409774613823109523, guid: dc18c30bf3e36d840a01a190e76ad810,
        type: 3}
      propertyPath: m_AnchorMax.y
      value: 0
      objectReference: {fileID: 0}
    m_RemovedComponents: []
  m_SourcePrefab: {fileID: 100100000, guid: dc18c30bf3e36d840a01a190e76ad810, type: 3}
--- !u!224 &6980115641037336954 stripped
RectTransform:
  m_CorrespondingSourceObject: {fileID: 3921962634094904272, guid: dc18c30bf3e36d840a01a190e76ad810,
    type: 3}
  m_PrefabInstance: {fileID: 6247554867241988778}
  m_PrefabAsset: {fileID: 0}
