%YAML 1.1
%TAG !u! tag:unity3d.com,2011:
--- !u!1 &3439872969468605901
GameObject:
  m_ObjectHideFlags: 0
  m_CorrespondingSourceObject: {fileID: 0}
  m_PrefabInstance: {fileID: 0}
  m_PrefabAsset: {fileID: 0}
  serializedVersion: 6
  m_Component:
  - component: {fileID: 3439872969468605902}
  - component: {fileID: 3439872969468605896}
  - component: {fileID: 3439872969468605903}
  m_Layer: 8
  m_Name: Hinge
  m_TagString: Untagged
  m_Icon: {fileID: 0}
  m_NavMeshLayer: 0
  m_StaticEditorFlags: 0
  m_IsActive: 1
--- !u!4 &3439872969468605902
Transform:
  m_ObjectHideFlags: 0
  m_CorrespondingSourceObject: {fileID: 0}
  m_PrefabInstance: {fileID: 0}
  m_PrefabAsset: {fileID: 0}
  m_GameObject: {fileID: 3439872969468605901}
  m_LocalRotation: {x: -0, y: -0, z: -0, w: 1}
  m_LocalPosition: {x: 0, y: 0, z: -0.458}
  m_LocalScale: {x: 1, y: 1, z: 1}
  m_Children:
  - {fileID: 8671811041595437017}
  m_Father: {fileID: 3439872970016065651}
  m_RootOrder: 0
  m_LocalEulerAnglesHint: {x: 0, y: 0, z: 0}
--- !u!95 &3439872969468605896
Animator:
  serializedVersion: 3
  m_ObjectHideFlags: 0
  m_CorrespondingSourceObject: {fileID: 0}
  m_PrefabInstance: {fileID: 0}
  m_PrefabAsset: {fileID: 0}
  m_GameObject: {fileID: 3439872969468605901}
  m_Enabled: 1
  m_Avatar: {fileID: 0}
  m_Controller: {fileID: 9100000, guid: 320f5eb147e803140b7796aeb21b86b4, type: 2}
  m_CullingMode: 0
  m_UpdateMode: 0
  m_ApplyRootMotion: 0
  m_LinearVelocityBlending: 0
  m_WarningMessage: 
  m_HasTransformHierarchy: 1
  m_AllowConstantClipSamplingOptimization: 1
  m_KeepAnimatorControllerStateOnDisable: 0
--- !u!114 &3439872969468605903
MonoBehaviour:
  m_ObjectHideFlags: 0
  m_CorrespondingSourceObject: {fileID: 0}
  m_PrefabInstance: {fileID: 0}
  m_PrefabAsset: {fileID: 0}
  m_GameObject: {fileID: 3439872969468605901}
  m_Enabled: 1
  m_EditorHideFlags: 0
  m_Script: {fileID: 11500000, guid: 3be2998646181e24baa6024c2282aa5f, type: 3}
  m_Name: 
  m_EditorClassIdentifier: 
  onInteraction:
    m_PersistentCalls:
      m_Calls: []
  NextScenePath: Levels/Act1/Act1_Part1
--- !u!1 &3439872970016065650
GameObject:
  m_ObjectHideFlags: 0
  m_CorrespondingSourceObject: {fileID: 0}
  m_PrefabInstance: {fileID: 0}
  m_PrefabAsset: {fileID: 0}
  serializedVersion: 6
  m_Component:
  - component: {fileID: 3439872970016065651}
  m_Layer: 8
  m_Name: TeleportDoor
  m_TagString: Untagged
  m_Icon: {fileID: 0}
  m_NavMeshLayer: 0
  m_StaticEditorFlags: 0
  m_IsActive: 1
--- !u!4 &3439872970016065651
Transform:
  m_ObjectHideFlags: 0
  m_CorrespondingSourceObject: {fileID: 0}
  m_PrefabInstance: {fileID: 0}
  m_PrefabAsset: {fileID: 0}
  m_GameObject: {fileID: 3439872970016065650}
  m_LocalRotation: {x: 0, y: 0.7071068, z: 0, w: 0.7071068}
  m_LocalPosition: {x: -3.17, y: -0.7, z: 7.53}
  m_LocalScale: {x: 1, y: 1, z: 1}
  m_Children:
  - {fileID: 3439872969468605902}
  m_Father: {fileID: 0}
  m_RootOrder: 0
  m_LocalEulerAnglesHint: {x: 0, y: 90, z: 0}
--- !u!65 &8114841161841467559
BoxCollider:
  m_ObjectHideFlags: 0
  m_CorrespondingSourceObject: {fileID: 0}
  m_PrefabInstance: {fileID: 0}
  m_PrefabAsset: {fileID: 0}
  m_GameObject: {fileID: 3855417680905906479}
  m_Material: {fileID: 0}
  m_IsTrigger: 0
  m_Enabled: 1
  serializedVersion: 2
  m_Size: {x: 1.0759661, y: 2.1219628, z: 0.11949897}
  m_Center: {x: -0.037983064, y: -0.02921784, z: -0.02633985}
--- !u!1001 &8114841161017993163
PrefabInstance:
  m_ObjectHideFlags: 0
  serializedVersion: 2
  m_Modification:
    m_TransformParent: {fileID: 3439872969468605902}
    m_Modifications:
    - target: {fileID: 632125971736627218, guid: 822a0e80f0ca33846a3e362e3fcfbd64,
        type: 3}
      propertyPath: m_LocalPosition.x
      value: 0.514
      objectReference: {fileID: 0}
    - target: {fileID: 632125971736627218, guid: 822a0e80f0ca33846a3e362e3fcfbd64,
        type: 3}
      propertyPath: m_LocalPosition.y
      value: -0.527
      objectReference: {fileID: 0}
    - target: {fileID: 632125971736627218, guid: 822a0e80f0ca33846a3e362e3fcfbd64,
        type: 3}
      propertyPath: m_LocalPosition.z
      value: 0
      objectReference: {fileID: 0}
    - target: {fileID: 632125971736627218, guid: 822a0e80f0ca33846a3e362e3fcfbd64,
        type: 3}
      propertyPath: m_LocalRotation.x
      value: 0
      objectReference: {fileID: 0}
    - target: {fileID: 632125971736627218, guid: 822a0e80f0ca33846a3e362e3fcfbd64,
        type: 3}
      propertyPath: m_LocalRotation.y
      value: -1
      objectReference: {fileID: 0}
    - target: {fileID: 632125971736627218, guid: 822a0e80f0ca33846a3e362e3fcfbd64,
        type: 3}
      propertyPath: m_LocalRotation.z
      value: 0
      objectReference: {fileID: 0}
    - target: {fileID: 632125971736627218, guid: 822a0e80f0ca33846a3e362e3fcfbd64,
        type: 3}
      propertyPath: m_LocalRotation.w
      value: 0
      objectReference: {fileID: 0}
    - target: {fileID: 632125971736627218, guid: 822a0e80f0ca33846a3e362e3fcfbd64,
        type: 3}
      propertyPath: m_RootOrder
      value: 0
      objectReference: {fileID: 0}
    - target: {fileID: 632125971736627218, guid: 822a0e80f0ca33846a3e362e3fcfbd64,
        type: 3}
      propertyPath: m_LocalEulerAnglesHint.x
      value: 0
      objectReference: {fileID: 0}
    - target: {fileID: 632125971736627218, guid: 822a0e80f0ca33846a3e362e3fcfbd64,
        type: 3}
      propertyPath: m_LocalEulerAnglesHint.y
      value: -180
      objectReference: {fileID: 0}
    - target: {fileID: 632125971736627218, guid: 822a0e80f0ca33846a3e362e3fcfbd64,
        type: 3}
      propertyPath: m_LocalEulerAnglesHint.z
      value: 0
      objectReference: {fileID: 0}
    - target: {fileID: 4980001516973330148, guid: 822a0e80f0ca33846a3e362e3fcfbd64,
        type: 3}
      propertyPath: m_Name
      value: Medieval_Door_CurvedShort (1)
      objectReference: {fileID: 0}
    - target: {fileID: 4980001516973330148, guid: 822a0e80f0ca33846a3e362e3fcfbd64,
        type: 3}
      propertyPath: m_Layer
      value: 8
      objectReference: {fileID: 0}
    m_RemovedComponents: []
  m_SourcePrefab: {fileID: 100100000, guid: 822a0e80f0ca33846a3e362e3fcfbd64, type: 3}
--- !u!1 &3855417680905906479 stripped
GameObject:
  m_CorrespondingSourceObject: {fileID: 4980001516973330148, guid: 822a0e80f0ca33846a3e362e3fcfbd64,
    type: 3}
  m_PrefabInstance: {fileID: 8114841161017993163}
  m_PrefabAsset: {fileID: 0}
--- !u!4 &8671811041595437017 stripped
Transform:
  m_CorrespondingSourceObject: {fileID: 632125971736627218, guid: 822a0e80f0ca33846a3e362e3fcfbd64,
    type: 3}
  m_PrefabInstance: {fileID: 8114841161017993163}
  m_PrefabAsset: {fileID: 0}
