%YAML 1.1
%TAG !u! tag:unity3d.com,2011:
--- !u!29 &1
OcclusionCullingSettings:
  m_ObjectHideFlags: 0
  serializedVersion: 2
  m_OcclusionBakeSettings:
    smallestOccluder: 5
    smallestHole: 0.25
    backfaceThreshold: 100
  m_SceneGUID: 00000000000000000000000000000000
  m_OcclusionCullingData: {fileID: 0}
--- !u!104 &2
RenderSettings:
  m_ObjectHideFlags: 0
  serializedVersion: 9
  m_Fog: 0
  m_FogColor: {r: 0.5, g: 0.5, b: 0.5, a: 1}
  m_FogMode: 3
  m_FogDensity: 0.01
  m_LinearFogStart: 0
  m_LinearFogEnd: 300
  m_AmbientSkyColor: {r: 0.212, g: 0.227, b: 0.259, a: 1}
  m_AmbientEquatorColor: {r: 0.114, g: 0.125, b: 0.133, a: 1}
  m_AmbientGroundColor: {r: 0.047, g: 0.043, b: 0.035, a: 1}
  m_AmbientIntensity: 1
  m_AmbientMode: 0
  m_SubtractiveShadowColor: {r: 0.42, g: 0.478, b: 0.627, a: 1}
  m_SkyboxMaterial: {fileID: 10304, guid: 0000000000000000f000000000000000, type: 0}
  m_HaloStrength: 0.5
  m_FlareStrength: 1
  m_FlareFadeSpeed: 3
  m_HaloTexture: {fileID: 0}
  m_SpotCookie: {fileID: 10001, guid: 0000000000000000e000000000000000, type: 0}
  m_DefaultReflectionMode: 0
  m_DefaultReflectionResolution: 128
  m_ReflectionBounces: 1
  m_ReflectionIntensity: 1
  m_CustomReflection: {fileID: 0}
  m_Sun: {fileID: 0}
  m_IndirectSpecularColor: {r: 0, g: 0, b: 0, a: 1}
  m_UseRadianceAmbientProbe: 0
--- !u!157 &3
LightmapSettings:
  m_ObjectHideFlags: 0
  serializedVersion: 11
  m_GIWorkflowMode: 1
  m_GISettings:
    serializedVersion: 2
    m_BounceScale: 1
    m_IndirectOutputScale: 1
    m_AlbedoBoost: 1
    m_EnvironmentLightingMode: 0
    m_EnableBakedLightmaps: 1
    m_EnableRealtimeLightmaps: 0
  m_LightmapEditorSettings:
    serializedVersion: 12
    m_Resolution: 2
    m_BakeResolution: 40
    m_AtlasSize: 1024
    m_AO: 0
    m_AOMaxDistance: 1
    m_CompAOExponent: 1
    m_CompAOExponentDirect: 0
    m_ExtractAmbientOcclusion: 0
    m_Padding: 2
    m_LightmapParameters: {fileID: 0}
    m_LightmapsBakeMode: 1
    m_TextureCompression: 1
    m_FinalGather: 0
    m_FinalGatherFiltering: 1
    m_FinalGatherRayCount: 256
    m_ReflectionCompression: 2
    m_MixedBakeMode: 2
    m_BakeBackend: 1
    m_PVRSampling: 1
    m_PVRDirectSampleCount: 32
    m_PVRSampleCount: 512
    m_PVRBounces: 2
    m_PVREnvironmentSampleCount: 256
    m_PVREnvironmentReferencePointCount: 2048
    m_PVRFilteringMode: 1
    m_PVRDenoiserTypeDirect: 1
    m_PVRDenoiserTypeIndirect: 1
    m_PVRDenoiserTypeAO: 1
    m_PVRFilterTypeDirect: 0
    m_PVRFilterTypeIndirect: 0
    m_PVRFilterTypeAO: 0
    m_PVREnvironmentMIS: 1
    m_PVRCulling: 1
    m_PVRFilteringGaussRadiusDirect: 1
    m_PVRFilteringGaussRadiusIndirect: 5
    m_PVRFilteringGaussRadiusAO: 2
    m_PVRFilteringAtrousPositionSigmaDirect: 0.5
    m_PVRFilteringAtrousPositionSigmaIndirect: 2
    m_PVRFilteringAtrousPositionSigmaAO: 1
    m_ExportTrainingData: 0
    m_TrainingDataDestination: TrainingData
    m_LightProbeSampleCountMultiplier: 4
  m_LightingDataAsset: {fileID: 0}
  m_UseShadowmask: 1
--- !u!196 &4
NavMeshSettings:
  serializedVersion: 2
  m_ObjectHideFlags: 0
  m_BuildSettings:
    serializedVersion: 2
    agentTypeID: 0
    agentRadius: 0.5
    agentHeight: 2
    agentSlope: 45
    agentClimb: 0.4
    ledgeDropHeight: 0
    maxJumpAcrossDistance: 0
    minRegionArea: 2
    manualCellSize: 0
    cellSize: 0.16666667
    manualTileSize: 0
    tileSize: 256
    accuratePlacement: 0
    debug:
      m_Flags: 0
  m_NavMeshData: {fileID: 0}
--- !u!1001 &187027303
PrefabInstance:
  m_ObjectHideFlags: 0
  serializedVersion: 2
  m_Modification:
    m_TransformParent: {fileID: 0}
    m_Modifications:
    - target: {fileID: 675508158607205216, guid: f5e9142991118e24ca42469a67082064,
        type: 3}
      propertyPath: persoEldritch
      value: 
      objectReference: {fileID: 314650528370914695, guid: fa84d5c9a67ddd44e8f176d82ae800e7,
        type: 3}
    - target: {fileID: 675508158607205216, guid: f5e9142991118e24ca42469a67082064,
        type: 3}
      propertyPath: timeBetweenSpawns
      value: 1
      objectReference: {fileID: 0}
    - target: {fileID: 675508158607205216, guid: f5e9142991118e24ca42469a67082064,
        type: 3}
      propertyPath: maxPersoEldritch
      value: 15
      objectReference: {fileID: 0}
    - target: {fileID: 675508158607205216, guid: f5e9142991118e24ca42469a67082064,
        type: 3}
      propertyPath: maxPersoEldritchPerGeneration
      value: 5
      objectReference: {fileID: 0}
    - target: {fileID: 3141552609895170554, guid: f5e9142991118e24ca42469a67082064,
        type: 3}
      propertyPath: pauseMenuUI
      value: 
      objectReference: {fileID: 837127677}
    - target: {fileID: 3141552609895170555, guid: f5e9142991118e24ca42469a67082064,
        type: 3}
      propertyPath: m_LocalPosition.x
      value: -0.6885872
      objectReference: {fileID: 0}
    - target: {fileID: 3141552609895170555, guid: f5e9142991118e24ca42469a67082064,
        type: 3}
      propertyPath: m_LocalPosition.y
      value: -0.10993576
      objectReference: {fileID: 0}
    - target: {fileID: 3141552609895170555, guid: f5e9142991118e24ca42469a67082064,
        type: 3}
      propertyPath: m_LocalPosition.z
      value: 0.81032276
      objectReference: {fileID: 0}
    - target: {fileID: 3141552609895170555, guid: f5e9142991118e24ca42469a67082064,
        type: 3}
      propertyPath: m_LocalRotation.x
      value: 0
      objectReference: {fileID: 0}
    - target: {fileID: 3141552609895170555, guid: f5e9142991118e24ca42469a67082064,
        type: 3}
      propertyPath: m_LocalRotation.y
      value: 0
      objectReference: {fileID: 0}
    - target: {fileID: 3141552609895170555, guid: f5e9142991118e24ca42469a67082064,
        type: 3}
      propertyPath: m_LocalRotation.z
      value: 0
      objectReference: {fileID: 0}
    - target: {fileID: 3141552609895170555, guid: f5e9142991118e24ca42469a67082064,
        type: 3}
      propertyPath: m_LocalRotation.w
      value: 1
      objectReference: {fileID: 0}
    - target: {fileID: 3141552609895170555, guid: f5e9142991118e24ca42469a67082064,
        type: 3}
      propertyPath: m_RootOrder
      value: 2
      objectReference: {fileID: 0}
    - target: {fileID: 3141552609895170555, guid: f5e9142991118e24ca42469a67082064,
        type: 3}
      propertyPath: m_LocalEulerAnglesHint.x
      value: 0
      objectReference: {fileID: 0}
    - target: {fileID: 3141552609895170555, guid: f5e9142991118e24ca42469a67082064,
        type: 3}
      propertyPath: m_LocalEulerAnglesHint.y
      value: 0
      objectReference: {fileID: 0}
    - target: {fileID: 3141552609895170555, guid: f5e9142991118e24ca42469a67082064,
        type: 3}
      propertyPath: m_LocalEulerAnglesHint.z
      value: 0
      objectReference: {fileID: 0}
    - target: {fileID: 3141552609895170556, guid: f5e9142991118e24ca42469a67082064,
        type: 3}
      propertyPath: healthBar
      value: 
      objectReference: {fileID: 1096389786}
    - target: {fileID: 3141552609895170556, guid: f5e9142991118e24ca42469a67082064,
        type: 3}
      propertyPath: healthImage
      value: 
      objectReference: {fileID: 1096389785}
    - target: {fileID: 3141552609895170556, guid: f5e9142991118e24ca42469a67082064,
        type: 3}
      propertyPath: sanityPotion
      value: 
      objectReference: {fileID: 1096389787}
    - target: {fileID: 3141552609895170556, guid: f5e9142991118e24ca42469a67082064,
        type: 3}
      propertyPath: ParryHitBox
      value: 
      objectReference: {fileID: 899540837}
    - target: {fileID: 3141552609895170557, guid: f5e9142991118e24ca42469a67082064,
        type: 3}
      propertyPath: m_Name
      value: GameManager
      objectReference: {fileID: 0}
    - target: {fileID: 4103077314227641192, guid: f5e9142991118e24ca42469a67082064,
        type: 3}
      propertyPath: pool.Array.size
      value: 9
      objectReference: {fileID: 0}
    - target: {fileID: 4103077314227641192, guid: f5e9142991118e24ca42469a67082064,
        type: 3}
      propertyPath: pool.Array.data[8]
      value: 
      objectReference: {fileID: 314650528370914695, guid: fa84d5c9a67ddd44e8f176d82ae800e7,
        type: 3}
    m_RemovedComponents: []
  m_SourcePrefab: {fileID: 100100000, guid: f5e9142991118e24ca42469a67082064, type: 3}
--- !u!1 &442213660
GameObject:
  m_ObjectHideFlags: 0
  m_CorrespondingSourceObject: {fileID: 0}
  m_PrefabInstance: {fileID: 0}
  m_PrefabAsset: {fileID: 0}
  serializedVersion: 6
  m_Component:
  - component: {fileID: 442213664}
  - component: {fileID: 442213663}
  - component: {fileID: 442213662}
  - component: {fileID: 442213661}
  m_Layer: 0
  m_Name: Plane
  m_TagString: Untagged
  m_Icon: {fileID: 0}
  m_NavMeshLayer: 0
  m_StaticEditorFlags: 0
  m_IsActive: 1
--- !u!64 &442213661
MeshCollider:
  m_ObjectHideFlags: 0
  m_CorrespondingSourceObject: {fileID: 0}
  m_PrefabInstance: {fileID: 0}
  m_PrefabAsset: {fileID: 0}
  m_GameObject: {fileID: 442213660}
  m_Material: {fileID: 0}
  m_IsTrigger: 0
  m_Enabled: 1
  serializedVersion: 4
  m_Convex: 0
  m_CookingOptions: 30
  m_Mesh: {fileID: 10209, guid: 0000000000000000e000000000000000, type: 0}
--- !u!23 &442213662
MeshRenderer:
  m_ObjectHideFlags: 0
  m_CorrespondingSourceObject: {fileID: 0}
  m_PrefabInstance: {fileID: 0}
  m_PrefabAsset: {fileID: 0}
  m_GameObject: {fileID: 442213660}
  m_Enabled: 1
  m_CastShadows: 1
  m_ReceiveShadows: 1
  m_DynamicOccludee: 1
  m_MotionVectors: 1
  m_LightProbeUsage: 1
  m_ReflectionProbeUsage: 1
  m_RayTracingMode: 2
  m_RenderingLayerMask: 1
  m_RendererPriority: 0
  m_Materials:
  - {fileID: 2100000, guid: 101591e7cc257d741968058fcaf9e9c4, type: 2}
  m_StaticBatchInfo:
    firstSubMesh: 0
    subMeshCount: 0
  m_StaticBatchRoot: {fileID: 0}
  m_ProbeAnchor: {fileID: 0}
  m_LightProbeVolumeOverride: {fileID: 0}
  m_ScaleInLightmap: 1
  m_ReceiveGI: 1
  m_PreserveUVs: 0
  m_IgnoreNormalsForChartDetection: 0
  m_ImportantGI: 0
  m_StitchLightmapSeams: 1
  m_SelectedEditorRenderState: 3
  m_MinimumChartSize: 4
  m_AutoUVMaxDistance: 0.5
  m_AutoUVMaxAngle: 89
  m_LightmapParameters: {fileID: 0}
  m_SortingLayerID: 0
  m_SortingLayer: 0
  m_SortingOrder: 0
--- !u!33 &442213663
MeshFilter:
  m_ObjectHideFlags: 0
  m_CorrespondingSourceObject: {fileID: 0}
  m_PrefabInstance: {fileID: 0}
  m_PrefabAsset: {fileID: 0}
  m_GameObject: {fileID: 442213660}
  m_Mesh: {fileID: 10209, guid: 0000000000000000e000000000000000, type: 0}
--- !u!4 &442213664
Transform:
  m_ObjectHideFlags: 0
  m_CorrespondingSourceObject: {fileID: 0}
  m_PrefabInstance: {fileID: 0}
  m_PrefabAsset: {fileID: 0}
  m_GameObject: {fileID: 442213660}
  m_LocalRotation: {x: -0, y: -0, z: -0, w: 1}
  m_LocalPosition: {x: -0.56793284, y: -0.4616807, z: -2.027191}
  m_LocalScale: {x: 100, y: 100, z: 100}
  m_Children: []
  m_Father: {fileID: 556872137}
  m_RootOrder: 0
  m_LocalEulerAnglesHint: {x: 0, y: 0, z: 0}
--- !u!1001 &466546829
PrefabInstance:
  m_ObjectHideFlags: 0
  serializedVersion: 2
  m_Modification:
    m_TransformParent: {fileID: 0}
    m_Modifications:
    - target: {fileID: 1407455729222760040, guid: 1a76f33dd0c2f3a4c8550aa2c3b11bb7,
        type: 3}
      propertyPath: m_AnchorMax.x
      value: 0
      objectReference: {fileID: 0}
    - target: {fileID: 1407455729222760040, guid: 1a76f33dd0c2f3a4c8550aa2c3b11bb7,
        type: 3}
      propertyPath: m_AnchorMax.y
      value: 0
      objectReference: {fileID: 0}
    - target: {fileID: 2451721235508136761, guid: 1a76f33dd0c2f3a4c8550aa2c3b11bb7,
        type: 3}
      propertyPath: m_AnchorMax.x
      value: 0
      objectReference: {fileID: 0}
    - target: {fileID: 2451721235508136761, guid: 1a76f33dd0c2f3a4c8550aa2c3b11bb7,
        type: 3}
      propertyPath: m_AnchorMax.y
      value: 0
      objectReference: {fileID: 0}
    - target: {fileID: 5153947152661189649, guid: 1a76f33dd0c2f3a4c8550aa2c3b11bb7,
        type: 3}
      propertyPath: m_Name
      value: Melee Eldritch V2 Variant
      objectReference: {fileID: 0}
    - target: {fileID: 5153947152661481521, guid: 1a76f33dd0c2f3a4c8550aa2c3b11bb7,
        type: 3}
      propertyPath: m_LocalPosition.x
      value: 90
      objectReference: {fileID: 0}
    - target: {fileID: 5153947152661481521, guid: 1a76f33dd0c2f3a4c8550aa2c3b11bb7,
        type: 3}
      propertyPath: m_LocalPosition.y
      value: 0
      objectReference: {fileID: 0}
    - target: {fileID: 5153947152661481521, guid: 1a76f33dd0c2f3a4c8550aa2c3b11bb7,
        type: 3}
      propertyPath: m_LocalPosition.z
      value: 90
      objectReference: {fileID: 0}
    - target: {fileID: 5153947152661481521, guid: 1a76f33dd0c2f3a4c8550aa2c3b11bb7,
        type: 3}
      propertyPath: m_LocalRotation.x
      value: 0
      objectReference: {fileID: 0}
    - target: {fileID: 5153947152661481521, guid: 1a76f33dd0c2f3a4c8550aa2c3b11bb7,
        type: 3}
      propertyPath: m_LocalRotation.y
      value: 0
      objectReference: {fileID: 0}
    - target: {fileID: 5153947152661481521, guid: 1a76f33dd0c2f3a4c8550aa2c3b11bb7,
        type: 3}
      propertyPath: m_LocalRotation.z
      value: 0
      objectReference: {fileID: 0}
    - target: {fileID: 5153947152661481521, guid: 1a76f33dd0c2f3a4c8550aa2c3b11bb7,
        type: 3}
      propertyPath: m_LocalRotation.w
      value: 1
      objectReference: {fileID: 0}
    - target: {fileID: 5153947152661481521, guid: 1a76f33dd0c2f3a4c8550aa2c3b11bb7,
        type: 3}
      propertyPath: m_RootOrder
      value: 6
      objectReference: {fileID: 0}
    - target: {fileID: 5153947152661481521, guid: 1a76f33dd0c2f3a4c8550aa2c3b11bb7,
        type: 3}
      propertyPath: m_LocalEulerAnglesHint.x
      value: 0
      objectReference: {fileID: 0}
    - target: {fileID: 5153947152661481521, guid: 1a76f33dd0c2f3a4c8550aa2c3b11bb7,
        type: 3}
      propertyPath: m_LocalEulerAnglesHint.y
      value: 0
      objectReference: {fileID: 0}
    - target: {fileID: 5153947152661481521, guid: 1a76f33dd0c2f3a4c8550aa2c3b11bb7,
        type: 3}
      propertyPath: m_LocalEulerAnglesHint.z
      value: 0
      objectReference: {fileID: 0}
    m_RemovedComponents: []
  m_SourcePrefab: {fileID: 100100000, guid: 1a76f33dd0c2f3a4c8550aa2c3b11bb7, type: 3}
--- !u!1 &556872136
GameObject:
  m_ObjectHideFlags: 0
  m_CorrespondingSourceObject: {fileID: 0}
  m_PrefabInstance: {fileID: 0}
  m_PrefabAsset: {fileID: 0}
  serializedVersion: 6
  m_Component:
  - component: {fileID: 556872137}
  m_Layer: 0
  m_Name: Environment
  m_TagString: Untagged
  m_Icon: {fileID: 0}
  m_NavMeshLayer: 0
  m_StaticEditorFlags: 0
  m_IsActive: 1
--- !u!4 &556872137
Transform:
  m_ObjectHideFlags: 0
  m_CorrespondingSourceObject: {fileID: 0}
  m_PrefabInstance: {fileID: 0}
  m_PrefabAsset: {fileID: 0}
  m_GameObject: {fileID: 556872136}
  m_LocalRotation: {x: 0, y: 0, z: 0, w: 1}
  m_LocalPosition: {x: 0.56793284, y: -0.37831926, z: 2.027191}
  m_LocalScale: {x: 1, y: 1, z: 1}
  m_Children:
  - {fileID: 442213664}
  m_Father: {fileID: 0}
  m_RootOrder: 5
  m_LocalEulerAnglesHint: {x: 0, y: 0, z: 0}
--- !u!1 &837127677 stripped
GameObject:
  m_CorrespondingSourceObject: {fileID: 6573073414195754452, guid: 4fca2bfc0b2c6b4458d07d4ffbaefa92,
    type: 3}
  m_PrefabInstance: {fileID: 1096389784}
  m_PrefabAsset: {fileID: 0}
--- !u!1001 &899540834
PrefabInstance:
  m_ObjectHideFlags: 0
  serializedVersion: 2
  m_Modification:
    m_TransformParent: {fileID: 0}
    m_Modifications:
    - target: {fileID: 302965362238064114, guid: 2c6dc17be41bbdf4c8a611e2237f3d14,
        type: 3}
      propertyPath: sanityLossPerFailedAttack
      value: 25
      objectReference: {fileID: 0}
    - target: {fileID: 5031881519380481563, guid: 2c6dc17be41bbdf4c8a611e2237f3d14,
        type: 3}
      propertyPath: m_LocalPosition.x
      value: 100
      objectReference: {fileID: 0}
    - target: {fileID: 5031881519380481563, guid: 2c6dc17be41bbdf4c8a611e2237f3d14,
        type: 3}
      propertyPath: m_LocalPosition.y
      value: 0
      objectReference: {fileID: 0}
    - target: {fileID: 5031881519380481563, guid: 2c6dc17be41bbdf4c8a611e2237f3d14,
        type: 3}
      propertyPath: m_LocalPosition.z
      value: 100
      objectReference: {fileID: 0}
    - target: {fileID: 5031881519380481563, guid: 2c6dc17be41bbdf4c8a611e2237f3d14,
        type: 3}
      propertyPath: m_LocalRotation.x
      value: 0
      objectReference: {fileID: 0}
    - target: {fileID: 5031881519380481563, guid: 2c6dc17be41bbdf4c8a611e2237f3d14,
        type: 3}
      propertyPath: m_LocalRotation.y
      value: 0
      objectReference: {fileID: 0}
    - target: {fileID: 5031881519380481563, guid: 2c6dc17be41bbdf4c8a611e2237f3d14,
        type: 3}
      propertyPath: m_LocalRotation.z
      value: 0
      objectReference: {fileID: 0}
    - target: {fileID: 5031881519380481563, guid: 2c6dc17be41bbdf4c8a611e2237f3d14,
        type: 3}
      propertyPath: m_LocalRotation.w
      value: 1
      objectReference: {fileID: 0}
    - target: {fileID: 5031881519380481563, guid: 2c6dc17be41bbdf4c8a611e2237f3d14,
        type: 3}
      propertyPath: m_RootOrder
      value: 3
      objectReference: {fileID: 0}
    - target: {fileID: 5031881519380481563, guid: 2c6dc17be41bbdf4c8a611e2237f3d14,
        type: 3}
      propertyPath: m_LocalEulerAnglesHint.x
      value: 0
      objectReference: {fileID: 0}
    - target: {fileID: 5031881519380481563, guid: 2c6dc17be41bbdf4c8a611e2237f3d14,
        type: 3}
      propertyPath: m_LocalEulerAnglesHint.y
      value: 0
      objectReference: {fileID: 0}
    - target: {fileID: 5031881519380481563, guid: 2c6dc17be41bbdf4c8a611e2237f3d14,
        type: 3}
      propertyPath: m_LocalEulerAnglesHint.z
      value: 0
      objectReference: {fileID: 0}
    - target: {fileID: 5665252596080090273, guid: 2c6dc17be41bbdf4c8a611e2237f3d14,
        type: 3}
      propertyPath: m_Name
      value: Player
      objectReference: {fileID: 0}
    m_RemovedComponents: []
  m_SourcePrefab: {fileID: 100100000, guid: 2c6dc17be41bbdf4c8a611e2237f3d14, type: 3}
--- !u!114 &899540835 stripped
MonoBehaviour:
  m_CorrespondingSourceObject: {fileID: 302965361341017454, guid: 2c6dc17be41bbdf4c8a611e2237f3d14,
    type: 3}
  m_PrefabInstance: {fileID: 899540834}
  m_PrefabAsset: {fileID: 0}
  m_GameObject: {fileID: 0}
  m_Enabled: 1
  m_EditorHideFlags: 0
  m_Script: {fileID: 11500000, guid: ffbe3b020f4c0344594bd5e93657a06b, type: 3}
  m_Name: 
  m_EditorClassIdentifier: 
--- !u!4 &899540836 stripped
Transform:
  m_CorrespondingSourceObject: {fileID: 4782379606400001860, guid: 2c6dc17be41bbdf4c8a611e2237f3d14,
    type: 3}
  m_PrefabInstance: {fileID: 899540834}
  m_PrefabAsset: {fileID: 0}
--- !u!1 &899540837 stripped
GameObject:
  m_CorrespondingSourceObject: {fileID: 6532221365652370164, guid: 2c6dc17be41bbdf4c8a611e2237f3d14,
    type: 3}
  m_PrefabInstance: {fileID: 899540834}
  m_PrefabAsset: {fileID: 0}
--- !u!1001 &1096389784
PrefabInstance:
  m_ObjectHideFlags: 0
  serializedVersion: 2
  m_Modification:
    m_TransformParent: {fileID: 0}
    m_Modifications:
    - target: {fileID: 249886099, guid: 4fca2bfc0b2c6b4458d07d4ffbaefa92, type: 3}
      propertyPath: m_Follow
      value: 
      objectReference: {fileID: 899540836}
    - target: {fileID: 249886100, guid: 4fca2bfc0b2c6b4458d07d4ffbaefa92, type: 3}
      propertyPath: m_LocalPosition.x
      value: 0
      objectReference: {fileID: 0}
    - target: {fileID: 249886100, guid: 4fca2bfc0b2c6b4458d07d4ffbaefa92, type: 3}
      propertyPath: m_LocalPosition.y
      value: 0
      objectReference: {fileID: 0}
    - target: {fileID: 249886100, guid: 4fca2bfc0b2c6b4458d07d4ffbaefa92, type: 3}
      propertyPath: m_LocalPosition.z
      value: 0
      objectReference: {fileID: 0}
    - target: {fileID: 487349898507599427, guid: 4fca2bfc0b2c6b4458d07d4ffbaefa92,
        type: 3}
      propertyPath: m_LocalPosition.z
      value: 0
      objectReference: {fileID: 0}
    - target: {fileID: 599695198799905949, guid: 4fca2bfc0b2c6b4458d07d4ffbaefa92,
        type: 3}
      propertyPath: m_AnchoredPosition.y
      value: 97
      objectReference: {fileID: 0}
    - target: {fileID: 599695198799905949, guid: 4fca2bfc0b2c6b4458d07d4ffbaefa92,
        type: 3}
      propertyPath: m_LocalPosition.z
      value: 0
      objectReference: {fileID: 0}
    - target: {fileID: 2171959830525522160, guid: 4fca2bfc0b2c6b4458d07d4ffbaefa92,
        type: 3}
      propertyPath: m_LocalPosition.x
      value: 99.996
      objectReference: {fileID: 0}
    - target: {fileID: 2171959830525522160, guid: 4fca2bfc0b2c6b4458d07d4ffbaefa92,
        type: 3}
      propertyPath: m_LocalPosition.y
      value: 6.5952363
      objectReference: {fileID: 0}
    - target: {fileID: 2171959830525522160, guid: 4fca2bfc0b2c6b4458d07d4ffbaefa92,
        type: 3}
      propertyPath: m_LocalPosition.z
      value: 91.31871
      objectReference: {fileID: 0}
    - target: {fileID: 2171959830525522160, guid: 4fca2bfc0b2c6b4458d07d4ffbaefa92,
        type: 3}
      propertyPath: m_LocalRotation.x
      value: 0.25149938
      objectReference: {fileID: 0}
    - target: {fileID: 2171959830525522160, guid: 4fca2bfc0b2c6b4458d07d4ffbaefa92,
        type: 3}
      propertyPath: m_LocalRotation.y
      value: -0.00000024343444
      objectReference: {fileID: 0}
    - target: {fileID: 2171959830525522160, guid: 4fca2bfc0b2c6b4458d07d4ffbaefa92,
        type: 3}
      propertyPath: m_LocalRotation.z
      value: -0.000000013850188
      objectReference: {fileID: 0}
    - target: {fileID: 2171959830525522160, guid: 4fca2bfc0b2c6b4458d07d4ffbaefa92,
        type: 3}
      propertyPath: m_LocalRotation.w
      value: 0.9678575
      objectReference: {fileID: 0}
    - target: {fileID: 2171959830525522160, guid: 4fca2bfc0b2c6b4458d07d4ffbaefa92,
        type: 3}
      propertyPath: m_RootOrder
      value: 0
      objectReference: {fileID: 0}
    - target: {fileID: 2171959830525522160, guid: 4fca2bfc0b2c6b4458d07d4ffbaefa92,
        type: 3}
      propertyPath: m_LocalEulerAnglesHint.x
      value: 29.133001
      objectReference: {fileID: 0}
    - target: {fileID: 2171959830525522160, guid: 4fca2bfc0b2c6b4458d07d4ffbaefa92,
        type: 3}
      propertyPath: m_LocalEulerAnglesHint.y
      value: 0
      objectReference: {fileID: 0}
    - target: {fileID: 2171959830525522160, guid: 4fca2bfc0b2c6b4458d07d4ffbaefa92,
        type: 3}
      propertyPath: m_LocalEulerAnglesHint.z
      value: 0
      objectReference: {fileID: 0}
    - target: {fileID: 2171959830525522161, guid: 4fca2bfc0b2c6b4458d07d4ffbaefa92,
        type: 3}
      propertyPath: field of view
      value: 65
      objectReference: {fileID: 0}
    - target: {fileID: 2171959830525522172, guid: 4fca2bfc0b2c6b4458d07d4ffbaefa92,
        type: 3}
      propertyPath: m_Name
      value: Camera
      objectReference: {fileID: 0}
    - target: {fileID: 2507606339495309343, guid: 4fca2bfc0b2c6b4458d07d4ffbaefa92,
        type: 3}
      propertyPath: m_AnchorMax.x
      value: 0
      objectReference: {fileID: 0}
    - target: {fileID: 2507606339495309343, guid: 4fca2bfc0b2c6b4458d07d4ffbaefa92,
        type: 3}
      propertyPath: m_AnchorMax.y
      value: 0
      objectReference: {fileID: 0}
    - target: {fileID: 5467460997611586340, guid: 4fca2bfc0b2c6b4458d07d4ffbaefa92,
        type: 3}
      propertyPath: m_AnchorMax.y
      value: 0
      objectReference: {fileID: 0}
    - target: {fileID: 6644196598742244298, guid: 4fca2bfc0b2c6b4458d07d4ffbaefa92,
        type: 3}
      propertyPath: playerAttacks
      value: 
      objectReference: {fileID: 899540835}
    - target: {fileID: 6886159460855552456, guid: 4fca2bfc0b2c6b4458d07d4ffbaefa92,
        type: 3}
      propertyPath: m_AnchorMax.x
      value: 0
      objectReference: {fileID: 0}
    - target: {fileID: 6886159460855552456, guid: 4fca2bfc0b2c6b4458d07d4ffbaefa92,
        type: 3}
      propertyPath: m_AnchorMax.y
      value: 0
      objectReference: {fileID: 0}
    m_RemovedComponents: []
  m_SourcePrefab: {fileID: 100100000, guid: 4fca2bfc0b2c6b4458d07d4ffbaefa92, type: 3}
--- !u!114 &1096389785 stripped
MonoBehaviour:
  m_CorrespondingSourceObject: {fileID: 6559549283483370087, guid: 4fca2bfc0b2c6b4458d07d4ffbaefa92,
    type: 3}
  m_PrefabInstance: {fileID: 1096389784}
  m_PrefabAsset: {fileID: 0}
  m_GameObject: {fileID: 0}
  m_Enabled: 1
  m_EditorHideFlags: 0
  m_Script: {fileID: 11500000, guid: fe87c0e1cc204ed48ad3b37840f39efc, type: 3}
  m_Name: 
  m_EditorClassIdentifier: 
--- !u!114 &1096389786 stripped
MonoBehaviour:
  m_CorrespondingSourceObject: {fileID: 1115900265954818128, guid: 4fca2bfc0b2c6b4458d07d4ffbaefa92,
    type: 3}
  m_PrefabInstance: {fileID: 1096389784}
  m_PrefabAsset: {fileID: 0}
  m_GameObject: {fileID: 0}
  m_Enabled: 1
  m_EditorHideFlags: 0
  m_Script: {fileID: 11500000, guid: 67db9e8f0e2ae9c40bc1e2b64352a6b4, type: 3}
  m_Name: 
  m_EditorClassIdentifier: 
--- !u!114 &1096389787 stripped
MonoBehaviour:
  m_CorrespondingSourceObject: {fileID: 3328504505895528151, guid: 4fca2bfc0b2c6b4458d07d4ffbaefa92,
    type: 3}
  m_PrefabInstance: {fileID: 1096389784}
  m_PrefabAsset: {fileID: 0}
  m_GameObject: {fileID: 0}
  m_Enabled: 1
  m_EditorHideFlags: 0
  m_Script: {fileID: 11500000, guid: fe87c0e1cc204ed48ad3b37840f39efc, type: 3}
  m_Name: 
  m_EditorClassIdentifier: 
--- !u!1 &1300685451
GameObject:
  m_ObjectHideFlags: 0
  m_CorrespondingSourceObject: {fileID: 0}
  m_PrefabInstance: {fileID: 0}
  m_PrefabAsset: {fileID: 0}
  serializedVersion: 6
  m_Component:
  - component: {fileID: 1300685453}
  - component: {fileID: 1300685452}
  m_Layer: 0
  m_Name: Directional Light
  m_TagString: Untagged
  m_Icon: {fileID: 0}
  m_NavMeshLayer: 0
  m_StaticEditorFlags: 0
  m_IsActive: 1
--- !u!108 &1300685452
Light:
  m_ObjectHideFlags: 0
  m_CorrespondingSourceObject: {fileID: 0}
  m_PrefabInstance: {fileID: 0}
  m_PrefabAsset: {fileID: 0}
  m_GameObject: {fileID: 1300685451}
  m_Enabled: 1
  serializedVersion: 10
  m_Type: 1
  m_Shape: 0
  m_Color: {r: 1, g: 0.95686275, b: 0.8392157, a: 1}
  m_Intensity: 1
  m_Range: 10
  m_SpotAngle: 30
  m_InnerSpotAngle: 21.80208
  m_CookieSize: 10
  m_Shadows:
    m_Type: 2
    m_Resolution: -1
    m_CustomResolution: -1
    m_Strength: 1
    m_Bias: 0.05
    m_NormalBias: 0.4
    m_NearPlane: 0.2
    m_CullingMatrixOverride:
      e00: 1
      e01: 0
      e02: 0
      e03: 0
      e10: 0
      e11: 1
      e12: 0
      e13: 0
      e20: 0
      e21: 0
      e22: 1
      e23: 0
      e30: 0
      e31: 0
      e32: 0
      e33: 1
    m_UseCullingMatrixOverride: 0
  m_Cookie: {fileID: 0}
  m_DrawHalo: 0
  m_Flare: {fileID: 0}
  m_RenderMode: 0
  m_CullingMask:
    serializedVersion: 2
    m_Bits: 4294967295
  m_RenderingLayerMask: 1
  m_Lightmapping: 4
  m_LightShadowCasterMode: 0
  m_AreaSize: {x: 1, y: 1}
  m_BounceIntensity: 1
  m_ColorTemperature: 6570
  m_UseColorTemperature: 0
  m_BoundingSphereOverride: {x: 0, y: 0, z: 0, w: 0}
  m_UseBoundingSphereOverride: 0
  m_ShadowRadius: 0
  m_ShadowAngle: 0
--- !u!4 &1300685453
Transform:
  m_ObjectHideFlags: 0
  m_CorrespondingSourceObject: {fileID: 0}
  m_PrefabInstance: {fileID: 0}
  m_PrefabAsset: {fileID: 0}
  m_GameObject: {fileID: 1300685451}
  m_LocalRotation: {x: 0.40821788, y: -0.23456968, z: 0.10938163, w: 0.8754261}
  m_LocalPosition: {x: 0, y: 3, z: 0}
  m_LocalScale: {x: 1, y: 1, z: 1}
  m_Children: []
  m_Father: {fileID: 0}
  m_RootOrder: 4
  m_LocalEulerAnglesHint: {x: 50, y: -30, z: 0}
--- !u!1001 &1404828415
PrefabInstance:
  m_ObjectHideFlags: 0
  serializedVersion: 2
  m_Modification:
    m_TransformParent: {fileID: 0}
    m_Modifications:
    - target: {fileID: 314650528370420135, guid: fa84d5c9a67ddd44e8f176d82ae800e7,
        type: 3}
      propertyPath: m_LocalPosition.x
      value: 99.76218
      objectReference: {fileID: 0}
    - target: {fileID: 314650528370420135, guid: fa84d5c9a67ddd44e8f176d82ae800e7,
        type: 3}
      propertyPath: m_LocalPosition.y
      value: -0.84
      objectReference: {fileID: 0}
    - target: {fileID: 314650528370420135, guid: fa84d5c9a67ddd44e8f176d82ae800e7,
        type: 3}
      propertyPath: m_LocalPosition.z
      value: 117.70271
      objectReference: {fileID: 0}
    - target: {fileID: 314650528370420135, guid: fa84d5c9a67ddd44e8f176d82ae800e7,
        type: 3}
      propertyPath: m_LocalRotation.x
      value: 0
      objectReference: {fileID: 0}
    - target: {fileID: 314650528370420135, guid: fa84d5c9a67ddd44e8f176d82ae800e7,
        type: 3}
      propertyPath: m_LocalRotation.y
      value: 0
      objectReference: {fileID: 0}
    - target: {fileID: 314650528370420135, guid: fa84d5c9a67ddd44e8f176d82ae800e7,
        type: 3}
      propertyPath: m_LocalRotation.z
      value: 0
      objectReference: {fileID: 0}
    - target: {fileID: 314650528370420135, guid: fa84d5c9a67ddd44e8f176d82ae800e7,
        type: 3}
      propertyPath: m_LocalRotation.w
      value: 1
      objectReference: {fileID: 0}
    - target: {fileID: 314650528370420135, guid: fa84d5c9a67ddd44e8f176d82ae800e7,
        type: 3}
      propertyPath: m_RootOrder
      value: 1
      objectReference: {fileID: 0}
    - target: {fileID: 314650528370420135, guid: fa84d5c9a67ddd44e8f176d82ae800e7,
        type: 3}
      propertyPath: m_LocalEulerAnglesHint.x
      value: 0
      objectReference: {fileID: 0}
    - target: {fileID: 314650528370420135, guid: fa84d5c9a67ddd44e8f176d82ae800e7,
        type: 3}
      propertyPath: m_LocalEulerAnglesHint.y
      value: 0
      objectReference: {fileID: 0}
    - target: {fileID: 314650528370420135, guid: fa84d5c9a67ddd44e8f176d82ae800e7,
        type: 3}
      propertyPath: m_LocalEulerAnglesHint.z
      value: 0
      objectReference: {fileID: 0}
    - target: {fileID: 314650528370914695, guid: fa84d5c9a67ddd44e8f176d82ae800e7,
        type: 3}
      propertyPath: m_Name
      value: Eldritch perso
      objectReference: {fileID: 0}
    - target: {fileID: 314650528370914695, guid: fa84d5c9a67ddd44e8f176d82ae800e7,
        type: 3}
      propertyPath: m_TagString
      value: Eldritch
      objectReference: {fileID: 0}
    - target: {fileID: 1306673734557516998, guid: fa84d5c9a67ddd44e8f176d82ae800e7,
        type: 3}
      propertyPath: m_LocalPosition.z
      value: 0
      objectReference: {fileID: 0}
    - target: {fileID: 3629901394159174144, guid: fa84d5c9a67ddd44e8f176d82ae800e7,
        type: 3}
      propertyPath: m_AnchorMax.y
      value: 0
      objectReference: {fileID: 0}
    - target: {fileID: 3998381018878610407, guid: fa84d5c9a67ddd44e8f176d82ae800e7,
        type: 3}
      propertyPath: m_LocalPosition.z
      value: 0
      objectReference: {fileID: 0}
    - target: {fileID: 4058821470337509322, guid: fa84d5c9a67ddd44e8f176d82ae800e7,
        type: 3}
      propertyPath: m_AnchorMax.y
      value: 0
      objectReference: {fileID: 0}
    - target: {fileID: 6124005499486973403, guid: fa84d5c9a67ddd44e8f176d82ae800e7,
        type: 3}
      propertyPath: m_AnchorMax.x
      value: 0
      objectReference: {fileID: 0}
    - target: {fileID: 6124005499486973403, guid: fa84d5c9a67ddd44e8f176d82ae800e7,
        type: 3}
      propertyPath: m_AnchorMax.y
      value: 0
      objectReference: {fileID: 0}
    - target: {fileID: 7310147519384785034, guid: fa84d5c9a67ddd44e8f176d82ae800e7,
        type: 3}
      propertyPath: m_AnchorMax.x
      value: 0
      objectReference: {fileID: 0}
    - target: {fileID: 7310147519384785034, guid: fa84d5c9a67ddd44e8f176d82ae800e7,
        type: 3}
      propertyPath: m_AnchorMax.y
      value: 0
      objectReference: {fileID: 0}
    m_RemovedComponents: []
  m_SourcePrefab: {fileID: 100100000, guid: fa84d5c9a67ddd44e8f176d82ae800e7, type: 3}
