%YAML 1.1
%TAG !u! tag:unity3d.com,2011:
--- !u!1 &2845511718398571025
GameObject:
  m_ObjectHideFlags: 0
  m_CorrespondingSourceObject: {fileID: 0}
  m_PrefabInstance: {fileID: 0}
  m_PrefabAsset: {fileID: 0}
  serializedVersion: 6
  m_Component:
  - component: {fileID: 1623233277739087387}
  m_Layer: 0
  m_Name: HealthBars
  m_TagString: Untagged
  m_Icon: {fileID: 0}
  m_NavMeshLayer: 0
  m_StaticEditorFlags: 0
  m_IsActive: 1
--- !u!224 &1623233277739087387
RectTransform:
  m_ObjectHideFlags: 0
  m_CorrespondingSourceObject: {fileID: 0}
  m_PrefabInstance: {fileID: 0}
  m_PrefabAsset: {fileID: 0}
  m_GameObject: {fileID: 2845511718398571025}
  m_LocalRotation: {x: 0, y: 0, z: 0, w: 1}
  m_LocalPosition: {x: 0, y: 0, z: 0.00003051758}
  m_LocalScale: {x: 1, y: 1, z: 1}
  m_Children:
  - {fileID: 2249493237544481908}
  - {fileID: 8200084347712629211}
  m_Father: {fileID: 7434897624671599103}
  m_RootOrder: 1
  m_LocalEulerAnglesHint: {x: 0, y: 0, z: 0}
  m_AnchorMin: {x: 0, y: 1}
  m_AnchorMax: {x: 0, y: 1}
  m_AnchoredPosition: {x: 0.00012207031, y: 0}
  m_SizeDelta: {x: 100, y: 100}
  m_Pivot: {x: 0, y: 1}
--- !u!1 &3353554697701196101
GameObject:
  m_ObjectHideFlags: 0
  m_CorrespondingSourceObject: {fileID: 0}
  m_PrefabInstance: {fileID: 0}
  m_PrefabAsset: {fileID: 0}
  serializedVersion: 6
  m_Component:
  - component: {fileID: 7434897624671599103}
  - component: {fileID: 1823543914213666113}
  - component: {fileID: 4992610160369741033}
  - component: {fileID: 6831950595899063712}
  - component: {fileID: 4456743129144351862}
  m_Layer: 0
  m_Name: HUD
  m_TagString: Untagged
  m_Icon: {fileID: 0}
  m_NavMeshLayer: 0
  m_StaticEditorFlags: 0
  m_IsActive: 0
--- !u!224 &7434897624671599103
RectTransform:
  m_ObjectHideFlags: 0
  m_CorrespondingSourceObject: {fileID: 0}
  m_PrefabInstance: {fileID: 0}
  m_PrefabAsset: {fileID: 0}
  m_GameObject: {fileID: 3353554697701196101}
  m_LocalRotation: {x: 0, y: 0, z: 0, w: 1}
  m_LocalPosition: {x: 0, y: 0, z: 0}
  m_LocalScale: {x: 0, y: 0, z: 0}
  m_Children:
  - {fileID: 5754576606300344554}
  - {fileID: 1623233277739087387}
  - {fileID: 3030138694374630182}
  - {fileID: 7620071065524749089}
  m_Father: {fileID: 0}
  m_RootOrder: 0
  m_LocalEulerAnglesHint: {x: 0, y: 0, z: 0}
  m_AnchorMin: {x: 0, y: 0}
  m_AnchorMax: {x: 0, y: 0}
  m_AnchoredPosition: {x: 0, y: 0}
  m_SizeDelta: {x: 0, y: 0}
  m_Pivot: {x: 0, y: 0}
--- !u!223 &1823543914213666113
Canvas:
  m_ObjectHideFlags: 0
  m_CorrespondingSourceObject: {fileID: 0}
  m_PrefabInstance: {fileID: 0}
  m_PrefabAsset: {fileID: 0}
  m_GameObject: {fileID: 3353554697701196101}
  m_Enabled: 1
  serializedVersion: 3
  m_RenderMode: 0
  m_Camera: {fileID: 0}
  m_PlaneDistance: 100
  m_PixelPerfect: 0
  m_ReceivesEvents: 1
  m_OverrideSorting: 0
  m_OverridePixelPerfect: 0
  m_SortingBucketNormalizedSize: 0
  m_AdditionalShaderChannelsFlag: 0
  m_SortingLayerID: 0
  m_SortingOrder: 0
  m_TargetDisplay: 0
--- !u!114 &4992610160369741033
MonoBehaviour:
  m_ObjectHideFlags: 0
  m_CorrespondingSourceObject: {fileID: 0}
  m_PrefabInstance: {fileID: 0}
  m_PrefabAsset: {fileID: 0}
  m_GameObject: {fileID: 3353554697701196101}
  m_Enabled: 1
  m_EditorHideFlags: 0
  m_Script: {fileID: 11500000, guid: 0cd44c1031e13a943bb63640046fad76, type: 3}
  m_Name: 
  m_EditorClassIdentifier: 
  m_UiScaleMode: 1
  m_ReferencePixelsPerUnit: 100
  m_ScaleFactor: 1
  m_ReferenceResolution: {x: 800, y: 600}
  m_ScreenMatchMode: 0
  m_MatchWidthOrHeight: 1
  m_PhysicalUnit: 3
  m_FallbackScreenDPI: 96
  m_DefaultSpriteDPI: 96
  m_DynamicPixelsPerUnit: 1
--- !u!114 &6831950595899063712
MonoBehaviour:
  m_ObjectHideFlags: 0
  m_CorrespondingSourceObject: {fileID: 0}
  m_PrefabInstance: {fileID: 0}
  m_PrefabAsset: {fileID: 0}
  m_GameObject: {fileID: 3353554697701196101}
  m_Enabled: 1
  m_EditorHideFlags: 0
  m_Script: {fileID: 11500000, guid: dc42784cf147c0c48a680349fa168899, type: 3}
  m_Name: 
  m_EditorClassIdentifier: 
  m_IgnoreReversedGraphics: 1
  m_BlockingObjects: 0
  m_BlockingMask:
    serializedVersion: 2
    m_Bits: 4294967295
--- !u!114 &4456743129144351862
MonoBehaviour:
  m_ObjectHideFlags: 0
  m_CorrespondingSourceObject: {fileID: 0}
  m_PrefabInstance: {fileID: 0}
  m_PrefabAsset: {fileID: 0}
  m_GameObject: {fileID: 3353554697701196101}
  m_Enabled: 1
  m_EditorHideFlags: 0
  m_Script: {fileID: 11500000, guid: c5a1b534477b73948afc6698ab911094, type: 3}
  m_Name: 
  m_EditorClassIdentifier: 
  greyFilter1: {fileID: 1998312936932266125}
  greyFilter2: {fileID: 8594028377519185583}
  greyFilter3: {fileID: 1208933719897542700}
  greyFilter4: {fileID: 6289595111283222961}
--- !u!1 &7681107055965936647
GameObject:
  m_ObjectHideFlags: 0
  m_CorrespondingSourceObject: {fileID: 0}
  m_PrefabInstance: {fileID: 0}
  m_PrefabAsset: {fileID: 0}
  serializedVersion: 6
  m_Component:
  - component: {fileID: 7620071065524749089}
  m_Layer: 0
  m_Name: Spells
  m_TagString: Untagged
  m_Icon: {fileID: 0}
  m_NavMeshLayer: 0
  m_StaticEditorFlags: 0
  m_IsActive: 1
--- !u!224 &7620071065524749089
RectTransform:
  m_ObjectHideFlags: 0
  m_CorrespondingSourceObject: {fileID: 0}
  m_PrefabInstance: {fileID: 0}
  m_PrefabAsset: {fileID: 0}
  m_GameObject: {fileID: 7681107055965936647}
  m_LocalRotation: {x: 0, y: 0, z: 0, w: 1}
  m_LocalPosition: {x: 0, y: 0, z: 0}
  m_LocalScale: {x: 1, y: 1, z: 1}
  m_Children:
  - {fileID: 6731184818805597192}
  - {fileID: 1998312935590694185}
  - {fileID: 8594028376784594356}
  - {fileID: 1208933721104881670}
  - {fileID: 6289595111888372691}
  m_Father: {fileID: 7434897624671599103}
  m_RootOrder: 3
  m_LocalEulerAnglesHint: {x: 0, y: 0, z: 0}
  m_AnchorMin: {x: 0.5, y: 0}
  m_AnchorMax: {x: 0.5, y: 0}
  m_AnchoredPosition: {x: 0, y: 370}
  m_SizeDelta: {x: 100, y: 100}
  m_Pivot: {x: 0.5, y: 0.5}
--- !u!1001 &1267623502059954827
PrefabInstance:
  m_ObjectHideFlags: 0
  serializedVersion: 2
  m_Modification:
    m_TransformParent: {fileID: 7620071065524749089}
    m_Modifications:
    - target: {fileID: 7409441310473914174, guid: 03b10b21a7210e141931275df56f7d6b,
        type: 3}
      propertyPath: m_Name
      value: Spell2
      objectReference: {fileID: 0}
    - target: {fileID: 7409441310473914175, guid: 03b10b21a7210e141931275df56f7d6b,
        type: 3}
      propertyPath: m_LocalPosition.x
      value: 0
      objectReference: {fileID: 0}
    - target: {fileID: 7409441310473914175, guid: 03b10b21a7210e141931275df56f7d6b,
        type: 3}
      propertyPath: m_LocalPosition.y
      value: 0
      objectReference: {fileID: 0}
    - target: {fileID: 7409441310473914175, guid: 03b10b21a7210e141931275df56f7d6b,
        type: 3}
      propertyPath: m_LocalPosition.z
      value: -0.000019073486
      objectReference: {fileID: 0}
    - target: {fileID: 7409441310473914175, guid: 03b10b21a7210e141931275df56f7d6b,
        type: 3}
      propertyPath: m_LocalRotation.x
      value: -0
      objectReference: {fileID: 0}
    - target: {fileID: 7409441310473914175, guid: 03b10b21a7210e141931275df56f7d6b,
        type: 3}
      propertyPath: m_LocalRotation.y
      value: -0
      objectReference: {fileID: 0}
    - target: {fileID: 7409441310473914175, guid: 03b10b21a7210e141931275df56f7d6b,
        type: 3}
      propertyPath: m_LocalRotation.z
      value: -0
      objectReference: {fileID: 0}
    - target: {fileID: 7409441310473914175, guid: 03b10b21a7210e141931275df56f7d6b,
        type: 3}
      propertyPath: m_LocalRotation.w
      value: 1
      objectReference: {fileID: 0}
    - target: {fileID: 7409441310473914175, guid: 03b10b21a7210e141931275df56f7d6b,
        type: 3}
      propertyPath: m_RootOrder
      value: 2
      objectReference: {fileID: 0}
    - target: {fileID: 7409441310473914175, guid: 03b10b21a7210e141931275df56f7d6b,
        type: 3}
      propertyPath: m_LocalEulerAnglesHint.x
      value: 0
      objectReference: {fileID: 0}
    - target: {fileID: 7409441310473914175, guid: 03b10b21a7210e141931275df56f7d6b,
        type: 3}
      propertyPath: m_LocalEulerAnglesHint.y
      value: 0
      objectReference: {fileID: 0}
    - target: {fileID: 7409441310473914175, guid: 03b10b21a7210e141931275df56f7d6b,
        type: 3}
      propertyPath: m_LocalEulerAnglesHint.z
      value: 0
      objectReference: {fileID: 0}
    - target: {fileID: 7409441310473914175, guid: 03b10b21a7210e141931275df56f7d6b,
        type: 3}
      propertyPath: m_AnchoredPosition.x
      value: -75
      objectReference: {fileID: 0}
    - target: {fileID: 7409441310473914175, guid: 03b10b21a7210e141931275df56f7d6b,
        type: 3}
      propertyPath: m_AnchoredPosition.y
      value: -310.5
      objectReference: {fileID: 0}
    - target: {fileID: 7409441310473914175, guid: 03b10b21a7210e141931275df56f7d6b,
        type: 3}
      propertyPath: m_SizeDelta.x
      value: 1094
      objectReference: {fileID: 0}
    - target: {fileID: 7409441310473914175, guid: 03b10b21a7210e141931275df56f7d6b,
        type: 3}
      propertyPath: m_SizeDelta.y
      value: 530
      objectReference: {fileID: 0}
    - target: {fileID: 7409441310473914175, guid: 03b10b21a7210e141931275df56f7d6b,
        type: 3}
      propertyPath: m_AnchorMin.x
      value: 0.5
      objectReference: {fileID: 0}
    - target: {fileID: 7409441310473914175, guid: 03b10b21a7210e141931275df56f7d6b,
        type: 3}
      propertyPath: m_AnchorMin.y
      value: 0.5
      objectReference: {fileID: 0}
    - target: {fileID: 7409441310473914175, guid: 03b10b21a7210e141931275df56f7d6b,
        type: 3}
      propertyPath: m_AnchorMax.x
      value: 0.5
      objectReference: {fileID: 0}
    - target: {fileID: 7409441310473914175, guid: 03b10b21a7210e141931275df56f7d6b,
        type: 3}
      propertyPath: m_AnchorMax.y
      value: 0.5
      objectReference: {fileID: 0}
    - target: {fileID: 7409441310473914175, guid: 03b10b21a7210e141931275df56f7d6b,
        type: 3}
      propertyPath: m_Pivot.x
      value: 0.5
      objectReference: {fileID: 0}
    - target: {fileID: 7409441310473914175, guid: 03b10b21a7210e141931275df56f7d6b,
        type: 3}
      propertyPath: m_Pivot.y
      value: 0.5
      objectReference: {fileID: 0}
    m_RemovedComponents: []
  m_SourcePrefab: {fileID: 100100000, guid: 03b10b21a7210e141931275df56f7d6b, type: 3}
--- !u!224 &8594028376784594356 stripped
RectTransform:
  m_CorrespondingSourceObject: {fileID: 7409441310473914175, guid: 03b10b21a7210e141931275df56f7d6b,
    type: 3}
  m_PrefabInstance: {fileID: 1267623502059954827}
  m_PrefabAsset: {fileID: 0}
--- !u!114 &8594028377519185583 stripped
MonoBehaviour:
  m_CorrespondingSourceObject: {fileID: 7409441309998464036, guid: 03b10b21a7210e141931275df56f7d6b,
    type: 3}
  m_PrefabInstance: {fileID: 1267623502059954827}
  m_PrefabAsset: {fileID: 0}
  m_GameObject: {fileID: 0}
  m_Enabled: 1
  m_EditorHideFlags: 0
  m_Script: {fileID: 11500000, guid: fe87c0e1cc204ed48ad3b37840f39efc, type: 3}
  m_Name: 
  m_EditorClassIdentifier: 
--- !u!1001 &2613110112195788227
PrefabInstance:
  m_ObjectHideFlags: 0
  serializedVersion: 2
  m_Modification:
    m_TransformParent: {fileID: 7434897624671599103}
    m_Modifications:
    - target: {fileID: 1030927234668706139, guid: 4922f8f4f613d374cac32acc9cb763c4,
        type: 3}
      propertyPath: m_AnchorMax.y
      value: 0
      objectReference: {fileID: 0}
    - target: {fileID: 1030927235515981538, guid: 4922f8f4f613d374cac32acc9cb763c4,
        type: 3}
      propertyPath: m_Name
      value: EldritchBar
      objectReference: {fileID: 0}
    - target: {fileID: 1030927235515981541, guid: 4922f8f4f613d374cac32acc9cb763c4,
        type: 3}
      propertyPath: m_LocalPosition.x
      value: 0
      objectReference: {fileID: 0}
    - target: {fileID: 1030927235515981541, guid: 4922f8f4f613d374cac32acc9cb763c4,
        type: 3}
      propertyPath: m_LocalPosition.y
      value: 0
      objectReference: {fileID: 0}
    - target: {fileID: 1030927235515981541, guid: 4922f8f4f613d374cac32acc9cb763c4,
        type: 3}
      propertyPath: m_LocalPosition.z
      value: -0.0000019073486
      objectReference: {fileID: 0}
    - target: {fileID: 1030927235515981541, guid: 4922f8f4f613d374cac32acc9cb763c4,
        type: 3}
      propertyPath: m_LocalRotation.x
      value: 0
      objectReference: {fileID: 0}
    - target: {fileID: 1030927235515981541, guid: 4922f8f4f613d374cac32acc9cb763c4,
        type: 3}
      propertyPath: m_LocalRotation.y
      value: 0
      objectReference: {fileID: 0}
    - target: {fileID: 1030927235515981541, guid: 4922f8f4f613d374cac32acc9cb763c4,
        type: 3}
      propertyPath: m_LocalRotation.z
      value: 0
      objectReference: {fileID: 0}
    - target: {fileID: 1030927235515981541, guid: 4922f8f4f613d374cac32acc9cb763c4,
        type: 3}
      propertyPath: m_LocalRotation.w
      value: 1
      objectReference: {fileID: 0}
    - target: {fileID: 1030927235515981541, guid: 4922f8f4f613d374cac32acc9cb763c4,
        type: 3}
      propertyPath: m_RootOrder
      value: 2
      objectReference: {fileID: 0}
    - target: {fileID: 1030927235515981541, guid: 4922f8f4f613d374cac32acc9cb763c4,
        type: 3}
      propertyPath: m_LocalEulerAnglesHint.x
      value: 0
      objectReference: {fileID: 0}
    - target: {fileID: 1030927235515981541, guid: 4922f8f4f613d374cac32acc9cb763c4,
        type: 3}
      propertyPath: m_LocalEulerAnglesHint.y
      value: 0
      objectReference: {fileID: 0}
    - target: {fileID: 1030927235515981541, guid: 4922f8f4f613d374cac32acc9cb763c4,
        type: 3}
      propertyPath: m_LocalEulerAnglesHint.z
      value: 0
      objectReference: {fileID: 0}
    - target: {fileID: 1030927235515981541, guid: 4922f8f4f613d374cac32acc9cb763c4,
        type: 3}
      propertyPath: m_AnchoredPosition.x
      value: 0
      objectReference: {fileID: 0}
    - target: {fileID: 1030927235515981541, guid: 4922f8f4f613d374cac32acc9cb763c4,
        type: 3}
      propertyPath: m_AnchoredPosition.y
      value: -100
      objectReference: {fileID: 0}
    - target: {fileID: 1030927235515981541, guid: 4922f8f4f613d374cac32acc9cb763c4,
        type: 3}
      propertyPath: m_SizeDelta.x
      value: 200
      objectReference: {fileID: 0}
    - target: {fileID: 1030927235515981541, guid: 4922f8f4f613d374cac32acc9cb763c4,
        type: 3}
      propertyPath: m_SizeDelta.y
      value: 25
      objectReference: {fileID: 0}
    - target: {fileID: 1030927235515981541, guid: 4922f8f4f613d374cac32acc9cb763c4,
        type: 3}
      propertyPath: m_AnchorMin.x
      value: 0
      objectReference: {fileID: 0}
    - target: {fileID: 1030927235515981541, guid: 4922f8f4f613d374cac32acc9cb763c4,
        type: 3}
      propertyPath: m_AnchorMin.y
      value: 1
      objectReference: {fileID: 0}
    - target: {fileID: 1030927235515981541, guid: 4922f8f4f613d374cac32acc9cb763c4,
        type: 3}
      propertyPath: m_AnchorMax.x
      value: 0
      objectReference: {fileID: 0}
    - target: {fileID: 1030927235515981541, guid: 4922f8f4f613d374cac32acc9cb763c4,
        type: 3}
      propertyPath: m_AnchorMax.y
      value: 1
      objectReference: {fileID: 0}
    - target: {fileID: 1030927235515981541, guid: 4922f8f4f613d374cac32acc9cb763c4,
        type: 3}
      propertyPath: m_Pivot.x
      value: 0
      objectReference: {fileID: 0}
    - target: {fileID: 1030927235515981541, guid: 4922f8f4f613d374cac32acc9cb763c4,
        type: 3}
      propertyPath: m_Pivot.y
      value: 1
      objectReference: {fileID: 0}
    m_RemovedComponents: []
  m_SourcePrefab: {fileID: 100100000, guid: 4922f8f4f613d374cac32acc9cb763c4, type: 3}
--- !u!224 &3030138694374630182 stripped
RectTransform:
  m_CorrespondingSourceObject: {fileID: 1030927235515981541, guid: 4922f8f4f613d374cac32acc9cb763c4,
    type: 3}
  m_PrefabInstance: {fileID: 2613110112195788227}
  m_PrefabAsset: {fileID: 0}
--- !u!1001 &2979784341257615268
PrefabInstance:
  m_ObjectHideFlags: 0
  serializedVersion: 2
  m_Modification:
    m_TransformParent: {fileID: 1623233277739087387}
    m_Modifications:
    - target: {fileID: 1331607626689770633, guid: dc18c30bf3e36d840a01a190e76ad810,
        type: 3}
      propertyPath: m_AnchoredPosition.y
      value: 0
      objectReference: {fileID: 0}
    - target: {fileID: 1331607626689770633, guid: dc18c30bf3e36d840a01a190e76ad810,
        type: 3}
      propertyPath: m_LocalPosition.z
      value: 0
      objectReference: {fileID: 0}
    - target: {fileID: 1331607626689770633, guid: dc18c30bf3e36d840a01a190e76ad810,
        type: 3}
      propertyPath: m_AnchorMin.x
      value: 0.5
      objectReference: {fileID: 0}
    - target: {fileID: 1331607626689770633, guid: dc18c30bf3e36d840a01a190e76ad810,
        type: 3}
      propertyPath: m_AnchorMin.y
      value: 0.5
      objectReference: {fileID: 0}
    - target: {fileID: 1331607626689770633, guid: dc18c30bf3e36d840a01a190e76ad810,
        type: 3}
      propertyPath: m_AnchorMax.x
      value: 0.5
      objectReference: {fileID: 0}
    - target: {fileID: 1331607626689770633, guid: dc18c30bf3e36d840a01a190e76ad810,
        type: 3}
      propertyPath: m_AnchorMax.y
      value: 0.5
      objectReference: {fileID: 0}
    - target: {fileID: 1331607626689770633, guid: dc18c30bf3e36d840a01a190e76ad810,
        type: 3}
      propertyPath: m_AnchoredPosition.x
      value: 0
      objectReference: {fileID: 0}
    - target: {fileID: 1331607626689770633, guid: dc18c30bf3e36d840a01a190e76ad810,
        type: 3}
      propertyPath: m_Pivot.x
      value: 0.5
      objectReference: {fileID: 0}
    - target: {fileID: 1331607626689770633, guid: dc18c30bf3e36d840a01a190e76ad810,
        type: 3}
      propertyPath: m_Pivot.y
      value: 0.5
      objectReference: {fileID: 0}
    - target: {fileID: 1331607626689770633, guid: dc18c30bf3e36d840a01a190e76ad810,
        type: 3}
      propertyPath: m_LocalScale.x
      value: 1
      objectReference: {fileID: 0}
    - target: {fileID: 1331607626689770633, guid: dc18c30bf3e36d840a01a190e76ad810,
        type: 3}
      propertyPath: m_LocalScale.y
      value: 1
      objectReference: {fileID: 0}
    - target: {fileID: 1331607626689770633, guid: dc18c30bf3e36d840a01a190e76ad810,
        type: 3}
      propertyPath: m_LocalScale.z
      value: 1
      objectReference: {fileID: 0}
    - target: {fileID: 3921962634094904272, guid: dc18c30bf3e36d840a01a190e76ad810,
        type: 3}
      propertyPath: m_LocalPosition.x
      value: 0
      objectReference: {fileID: 0}
    - target: {fileID: 3921962634094904272, guid: dc18c30bf3e36d840a01a190e76ad810,
        type: 3}
      propertyPath: m_LocalPosition.y
      value: 0
      objectReference: {fileID: 0}
    - target: {fileID: 3921962634094904272, guid: dc18c30bf3e36d840a01a190e76ad810,
        type: 3}
      propertyPath: m_LocalPosition.z
      value: 0
      objectReference: {fileID: 0}
    - target: {fileID: 3921962634094904272, guid: dc18c30bf3e36d840a01a190e76ad810,
        type: 3}
      propertyPath: m_LocalRotation.x
      value: -0
      objectReference: {fileID: 0}
    - target: {fileID: 3921962634094904272, guid: dc18c30bf3e36d840a01a190e76ad810,
        type: 3}
      propertyPath: m_LocalRotation.y
      value: -0
      objectReference: {fileID: 0}
    - target: {fileID: 3921962634094904272, guid: dc18c30bf3e36d840a01a190e76ad810,
        type: 3}
      propertyPath: m_LocalRotation.z
      value: -0
      objectReference: {fileID: 0}
    - target: {fileID: 3921962634094904272, guid: dc18c30bf3e36d840a01a190e76ad810,
        type: 3}
      propertyPath: m_LocalRotation.w
      value: 1
      objectReference: {fileID: 0}
    - target: {fileID: 3921962634094904272, guid: dc18c30bf3e36d840a01a190e76ad810,
        type: 3}
      propertyPath: m_RootOrder
      value: 0
      objectReference: {fileID: 0}
    - target: {fileID: 3921962634094904272, guid: dc18c30bf3e36d840a01a190e76ad810,
        type: 3}
      propertyPath: m_LocalEulerAnglesHint.x
      value: 0
      objectReference: {fileID: 0}
    - target: {fileID: 3921962634094904272, guid: dc18c30bf3e36d840a01a190e76ad810,
        type: 3}
      propertyPath: m_LocalEulerAnglesHint.y
      value: 0
      objectReference: {fileID: 0}
    - target: {fileID: 3921962634094904272, guid: dc18c30bf3e36d840a01a190e76ad810,
        type: 3}
      propertyPath: m_LocalEulerAnglesHint.z
      value: 0
      objectReference: {fileID: 0}
    - target: {fileID: 3921962634094904272, guid: dc18c30bf3e36d840a01a190e76ad810,
        type: 3}
      propertyPath: m_AnchoredPosition.x
      value: 0
      objectReference: {fileID: 0}
    - target: {fileID: 3921962634094904272, guid: dc18c30bf3e36d840a01a190e76ad810,
        type: 3}
      propertyPath: m_AnchoredPosition.y
      value: 0
      objectReference: {fileID: 0}
    - target: {fileID: 3921962634094904272, guid: dc18c30bf3e36d840a01a190e76ad810,
        type: 3}
      propertyPath: m_SizeDelta.x
      value: 200
      objectReference: {fileID: 0}
    - target: {fileID: 3921962634094904272, guid: dc18c30bf3e36d840a01a190e76ad810,
        type: 3}
      propertyPath: m_SizeDelta.y
      value: 100
      objectReference: {fileID: 0}
    - target: {fileID: 3921962634094904272, guid: dc18c30bf3e36d840a01a190e76ad810,
        type: 3}
      propertyPath: m_AnchorMin.x
      value: 0
      objectReference: {fileID: 0}
    - target: {fileID: 3921962634094904272, guid: dc18c30bf3e36d840a01a190e76ad810,
        type: 3}
      propertyPath: m_AnchorMin.y
      value: 1
      objectReference: {fileID: 0}
    - target: {fileID: 3921962634094904272, guid: dc18c30bf3e36d840a01a190e76ad810,
        type: 3}
      propertyPath: m_AnchorMax.x
      value: 0
      objectReference: {fileID: 0}
    - target: {fileID: 3921962634094904272, guid: dc18c30bf3e36d840a01a190e76ad810,
        type: 3}
      propertyPath: m_AnchorMax.y
      value: 1
      objectReference: {fileID: 0}
    - target: {fileID: 3921962634094904272, guid: dc18c30bf3e36d840a01a190e76ad810,
        type: 3}
      propertyPath: m_Pivot.x
      value: 0
      objectReference: {fileID: 0}
    - target: {fileID: 3921962634094904272, guid: dc18c30bf3e36d840a01a190e76ad810,
        type: 3}
      propertyPath: m_Pivot.y
      value: 1
      objectReference: {fileID: 0}
    - target: {fileID: 4988738836618118338, guid: dc18c30bf3e36d840a01a190e76ad810,
        type: 3}
      propertyPath: m_AnchorMax.x
      value: 0
      objectReference: {fileID: 0}
    - target: {fileID: 4988738836618118338, guid: dc18c30bf3e36d840a01a190e76ad810,
        type: 3}
      propertyPath: m_AnchorMax.y
      value: 0
      objectReference: {fileID: 0}
    - target: {fileID: 5426516972440960975, guid: dc18c30bf3e36d840a01a190e76ad810,
        type: 3}
      propertyPath: m_IsActive
      value: 1
      objectReference: {fileID: 0}
    - target: {fileID: 6639934000307635057, guid: dc18c30bf3e36d840a01a190e76ad810,
        type: 3}
      propertyPath: m_Name
      value: Health Bar
      objectReference: {fileID: 0}
    - target: {fileID: 6639934000307635057, guid: dc18c30bf3e36d840a01a190e76ad810,
        type: 3}
      propertyPath: m_IsActive
      value: 1
      objectReference: {fileID: 0}
    - target: {fileID: 7508526120085161189, guid: dc18c30bf3e36d840a01a190e76ad810,
        type: 3}
      propertyPath: m_IsActive
      value: 1
      objectReference: {fileID: 0}
    - target: {fileID: 8409774613823109523, guid: dc18c30bf3e36d840a01a190e76ad810,
        type: 3}
      propertyPath: m_AnchorMax.x
      value: 0
      objectReference: {fileID: 0}
    - target: {fileID: 8409774613823109523, guid: dc18c30bf3e36d840a01a190e76ad810,
        type: 3}
      propertyPath: m_AnchorMax.y
      value: 0
      objectReference: {fileID: 0}
    - target: {fileID: 8484929189387760028, guid: dc18c30bf3e36d840a01a190e76ad810,
        type: 3}
      propertyPath: m_AnchoredPosition.y
      value: 0
      objectReference: {fileID: 0}
    - target: {fileID: 8484929189387760028, guid: dc18c30bf3e36d840a01a190e76ad810,
        type: 3}
      propertyPath: m_LocalScale.x
      value: 1
      objectReference: {fileID: 0}
    - target: {fileID: 8484929189387760028, guid: dc18c30bf3e36d840a01a190e76ad810,
        type: 3}
      propertyPath: m_LocalScale.y
      value: 1
      objectReference: {fileID: 0}
    - target: {fileID: 8484929189387760028, guid: dc18c30bf3e36d840a01a190e76ad810,
        type: 3}
      propertyPath: m_LocalScale.z
      value: 1
      objectReference: {fileID: 0}
    m_RemovedComponents:
    - {fileID: 5905649124787155648, guid: dc18c30bf3e36d840a01a190e76ad810, type: 3}
    - {fileID: 2028416928707290743, guid: dc18c30bf3e36d840a01a190e76ad810, type: 3}
  m_SourcePrefab: {fileID: 100100000, guid: dc18c30bf3e36d840a01a190e76ad810, type: 3}
--- !u!224 &2249493237544481908 stripped
RectTransform:
  m_CorrespondingSourceObject: {fileID: 3921962634094904272, guid: dc18c30bf3e36d840a01a190e76ad810,
    type: 3}
  m_PrefabInstance: {fileID: 2979784341257615268}
  m_PrefabAsset: {fileID: 0}
--- !u!1001 &4094840618896856221
PrefabInstance:
  m_ObjectHideFlags: 0
  serializedVersion: 2
  m_Modification:
    m_TransformParent: {fileID: 7434897624671599103}
    m_Modifications:
    - target: {fileID: 8579242080973227126, guid: 9cdcf6d271b4a3043a2ada929a35f81a,
        type: 3}
      propertyPath: m_Name
      value: Sanity Potion
      objectReference: {fileID: 0}
    - target: {fileID: 8579242080973227127, guid: 9cdcf6d271b4a3043a2ada929a35f81a,
        type: 3}
      propertyPath: m_LocalPosition.x
      value: 0
      objectReference: {fileID: 0}
    - target: {fileID: 8579242080973227127, guid: 9cdcf6d271b4a3043a2ada929a35f81a,
        type: 3}
      propertyPath: m_LocalPosition.y
      value: 0
      objectReference: {fileID: 0}
    - target: {fileID: 8579242080973227127, guid: 9cdcf6d271b4a3043a2ada929a35f81a,
        type: 3}
      propertyPath: m_LocalPosition.z
      value: 0
      objectReference: {fileID: 0}
    - target: {fileID: 8579242080973227127, guid: 9cdcf6d271b4a3043a2ada929a35f81a,
        type: 3}
      propertyPath: m_LocalRotation.x
      value: 0
      objectReference: {fileID: 0}
    - target: {fileID: 8579242080973227127, guid: 9cdcf6d271b4a3043a2ada929a35f81a,
        type: 3}
      propertyPath: m_LocalRotation.y
      value: 0
      objectReference: {fileID: 0}
    - target: {fileID: 8579242080973227127, guid: 9cdcf6d271b4a3043a2ada929a35f81a,
        type: 3}
      propertyPath: m_LocalRotation.z
      value: 0
      objectReference: {fileID: 0}
    - target: {fileID: 8579242080973227127, guid: 9cdcf6d271b4a3043a2ada929a35f81a,
        type: 3}
      propertyPath: m_LocalRotation.w
      value: 1
      objectReference: {fileID: 0}
    - target: {fileID: 8579242080973227127, guid: 9cdcf6d271b4a3043a2ada929a35f81a,
        type: 3}
      propertyPath: m_RootOrder
      value: 0
      objectReference: {fileID: 0}
    - target: {fileID: 8579242080973227127, guid: 9cdcf6d271b4a3043a2ada929a35f81a,
        type: 3}
      propertyPath: m_LocalEulerAnglesHint.x
      value: 0
      objectReference: {fileID: 0}
    - target: {fileID: 8579242080973227127, guid: 9cdcf6d271b4a3043a2ada929a35f81a,
        type: 3}
      propertyPath: m_LocalEulerAnglesHint.y
      value: 0
      objectReference: {fileID: 0}
    - target: {fileID: 8579242080973227127, guid: 9cdcf6d271b4a3043a2ada929a35f81a,
        type: 3}
      propertyPath: m_LocalEulerAnglesHint.z
      value: 0
      objectReference: {fileID: 0}
    - target: {fileID: 8579242080973227127, guid: 9cdcf6d271b4a3043a2ada929a35f81a,
        type: 3}
      propertyPath: m_AnchoredPosition.x
      value: -20
      objectReference: {fileID: 0}
    - target: {fileID: 8579242080973227127, guid: 9cdcf6d271b4a3043a2ada929a35f81a,
        type: 3}
      propertyPath: m_AnchoredPosition.y
      value: -20
      objectReference: {fileID: 0}
    - target: {fileID: 8579242080973227127, guid: 9cdcf6d271b4a3043a2ada929a35f81a,
        type: 3}
      propertyPath: m_SizeDelta.x
      value: 100
      objectReference: {fileID: 0}
    - target: {fileID: 8579242080973227127, guid: 9cdcf6d271b4a3043a2ada929a35f81a,
        type: 3}
      propertyPath: m_SizeDelta.y
      value: 100
      objectReference: {fileID: 0}
    - target: {fileID: 8579242080973227127, guid: 9cdcf6d271b4a3043a2ada929a35f81a,
        type: 3}
      propertyPath: m_AnchorMin.x
      value: 1
      objectReference: {fileID: 0}
    - target: {fileID: 8579242080973227127, guid: 9cdcf6d271b4a3043a2ada929a35f81a,
        type: 3}
      propertyPath: m_AnchorMin.y
      value: 1
      objectReference: {fileID: 0}
    - target: {fileID: 8579242080973227127, guid: 9cdcf6d271b4a3043a2ada929a35f81a,
        type: 3}
      propertyPath: m_AnchorMax.x
      value: 1
      objectReference: {fileID: 0}
    - target: {fileID: 8579242080973227127, guid: 9cdcf6d271b4a3043a2ada929a35f81a,
        type: 3}
      propertyPath: m_AnchorMax.y
      value: 1
      objectReference: {fileID: 0}
    - target: {fileID: 8579242080973227127, guid: 9cdcf6d271b4a3043a2ada929a35f81a,
        type: 3}
      propertyPath: m_Pivot.x
      value: 1
      objectReference: {fileID: 0}
    - target: {fileID: 8579242080973227127, guid: 9cdcf6d271b4a3043a2ada929a35f81a,
        type: 3}
      propertyPath: m_Pivot.y
      value: 1
      objectReference: {fileID: 0}
    m_RemovedComponents: []
  m_SourcePrefab: {fileID: 100100000, guid: 9cdcf6d271b4a3043a2ada929a35f81a, type: 3}
--- !u!224 &5754576606300344554 stripped
RectTransform:
  m_CorrespondingSourceObject: {fileID: 8579242080973227127, guid: 9cdcf6d271b4a3043a2ada929a35f81a,
    type: 3}
  m_PrefabInstance: {fileID: 4094840618896856221}
  m_PrefabAsset: {fileID: 0}
--- !u!1001 &5161425858429446667
PrefabInstance:
  m_ObjectHideFlags: 0
  serializedVersion: 2
  m_Modification:
    m_TransformParent: {fileID: 1623233277739087387}
    m_Modifications:
    - target: {fileID: 1331607626689770633, guid: dc18c30bf3e36d840a01a190e76ad810,
        type: 3}
      propertyPath: m_AnchoredPosition.y
      value: 0
      objectReference: {fileID: 0}
    - target: {fileID: 1331607626689770633, guid: dc18c30bf3e36d840a01a190e76ad810,
        type: 3}
      propertyPath: m_LocalPosition.z
      value: 0
      objectReference: {fileID: 0}
    - target: {fileID: 1331607626689770633, guid: dc18c30bf3e36d840a01a190e76ad810,
        type: 3}
      propertyPath: m_AnchorMin.x
      value: 0.5
      objectReference: {fileID: 0}
    - target: {fileID: 1331607626689770633, guid: dc18c30bf3e36d840a01a190e76ad810,
        type: 3}
      propertyPath: m_AnchorMin.y
      value: 0.5
      objectReference: {fileID: 0}
    - target: {fileID: 1331607626689770633, guid: dc18c30bf3e36d840a01a190e76ad810,
        type: 3}
      propertyPath: m_AnchorMax.x
      value: 0.5
      objectReference: {fileID: 0}
    - target: {fileID: 1331607626689770633, guid: dc18c30bf3e36d840a01a190e76ad810,
        type: 3}
      propertyPath: m_AnchorMax.y
      value: 0.5
      objectReference: {fileID: 0}
    - target: {fileID: 1331607626689770633, guid: dc18c30bf3e36d840a01a190e76ad810,
        type: 3}
      propertyPath: m_AnchoredPosition.x
      value: 0
      objectReference: {fileID: 0}
    - target: {fileID: 1331607626689770633, guid: dc18c30bf3e36d840a01a190e76ad810,
        type: 3}
      propertyPath: m_Pivot.x
      value: 0.5
      objectReference: {fileID: 0}
    - target: {fileID: 1331607626689770633, guid: dc18c30bf3e36d840a01a190e76ad810,
        type: 3}
      propertyPath: m_Pivot.y
      value: 0.5
      objectReference: {fileID: 0}
    - target: {fileID: 1331607626689770633, guid: dc18c30bf3e36d840a01a190e76ad810,
        type: 3}
      propertyPath: m_LocalScale.x
      value: 1
      objectReference: {fileID: 0}
    - target: {fileID: 1331607626689770633, guid: dc18c30bf3e36d840a01a190e76ad810,
        type: 3}
      propertyPath: m_LocalScale.y
      value: 1
      objectReference: {fileID: 0}
    - target: {fileID: 1331607626689770633, guid: dc18c30bf3e36d840a01a190e76ad810,
        type: 3}
      propertyPath: m_LocalScale.z
      value: 1
      objectReference: {fileID: 0}
    - target: {fileID: 3921962634094904272, guid: dc18c30bf3e36d840a01a190e76ad810,
        type: 3}
      propertyPath: m_LocalPosition.x
      value: 0
      objectReference: {fileID: 0}
    - target: {fileID: 3921962634094904272, guid: dc18c30bf3e36d840a01a190e76ad810,
        type: 3}
      propertyPath: m_LocalPosition.y
      value: 0
      objectReference: {fileID: 0}
    - target: {fileID: 3921962634094904272, guid: dc18c30bf3e36d840a01a190e76ad810,
        type: 3}
      propertyPath: m_LocalPosition.z
      value: 0
      objectReference: {fileID: 0}
    - target: {fileID: 3921962634094904272, guid: dc18c30bf3e36d840a01a190e76ad810,
        type: 3}
      propertyPath: m_LocalRotation.x
      value: -0
      objectReference: {fileID: 0}
    - target: {fileID: 3921962634094904272, guid: dc18c30bf3e36d840a01a190e76ad810,
        type: 3}
      propertyPath: m_LocalRotation.y
      value: -0
      objectReference: {fileID: 0}
    - target: {fileID: 3921962634094904272, guid: dc18c30bf3e36d840a01a190e76ad810,
        type: 3}
      propertyPath: m_LocalRotation.z
      value: -0
      objectReference: {fileID: 0}
    - target: {fileID: 3921962634094904272, guid: dc18c30bf3e36d840a01a190e76ad810,
        type: 3}
      propertyPath: m_LocalRotation.w
      value: 1
      objectReference: {fileID: 0}
    - target: {fileID: 3921962634094904272, guid: dc18c30bf3e36d840a01a190e76ad810,
        type: 3}
      propertyPath: m_RootOrder
      value: 1
      objectReference: {fileID: 0}
    - target: {fileID: 3921962634094904272, guid: dc18c30bf3e36d840a01a190e76ad810,
        type: 3}
      propertyPath: m_LocalEulerAnglesHint.x
      value: 0
      objectReference: {fileID: 0}
    - target: {fileID: 3921962634094904272, guid: dc18c30bf3e36d840a01a190e76ad810,
        type: 3}
      propertyPath: m_LocalEulerAnglesHint.y
      value: 0
      objectReference: {fileID: 0}
    - target: {fileID: 3921962634094904272, guid: dc18c30bf3e36d840a01a190e76ad810,
        type: 3}
      propertyPath: m_LocalEulerAnglesHint.z
      value: 0
      objectReference: {fileID: 0}
    - target: {fileID: 3921962634094904272, guid: dc18c30bf3e36d840a01a190e76ad810,
        type: 3}
      propertyPath: m_AnchoredPosition.x
      value: 0
      objectReference: {fileID: 0}
    - target: {fileID: 3921962634094904272, guid: dc18c30bf3e36d840a01a190e76ad810,
        type: 3}
      propertyPath: m_AnchoredPosition.y
      value: 0
      objectReference: {fileID: 0}
    - target: {fileID: 3921962634094904272, guid: dc18c30bf3e36d840a01a190e76ad810,
        type: 3}
      propertyPath: m_SizeDelta.x
      value: 200
      objectReference: {fileID: 0}
    - target: {fileID: 3921962634094904272, guid: dc18c30bf3e36d840a01a190e76ad810,
        type: 3}
      propertyPath: m_SizeDelta.y
      value: 100
      objectReference: {fileID: 0}
    - target: {fileID: 3921962634094904272, guid: dc18c30bf3e36d840a01a190e76ad810,
        type: 3}
      propertyPath: m_AnchorMin.x
      value: 0
      objectReference: {fileID: 0}
    - target: {fileID: 3921962634094904272, guid: dc18c30bf3e36d840a01a190e76ad810,
        type: 3}
      propertyPath: m_AnchorMin.y
      value: 1
      objectReference: {fileID: 0}
    - target: {fileID: 3921962634094904272, guid: dc18c30bf3e36d840a01a190e76ad810,
        type: 3}
      propertyPath: m_AnchorMax.x
      value: 0
      objectReference: {fileID: 0}
    - target: {fileID: 3921962634094904272, guid: dc18c30bf3e36d840a01a190e76ad810,
        type: 3}
      propertyPath: m_AnchorMax.y
      value: 1
      objectReference: {fileID: 0}
    - target: {fileID: 3921962634094904272, guid: dc18c30bf3e36d840a01a190e76ad810,
        type: 3}
      propertyPath: m_Pivot.x
      value: 0
      objectReference: {fileID: 0}
    - target: {fileID: 3921962634094904272, guid: dc18c30bf3e36d840a01a190e76ad810,
        type: 3}
      propertyPath: m_Pivot.y
      value: 1
      objectReference: {fileID: 0}
    - target: {fileID: 4166590937912555444, guid: dc18c30bf3e36d840a01a190e76ad810,
        type: 3}
      propertyPath: m_Color.r
      value: 0.6862745
      objectReference: {fileID: 0}
    - target: {fileID: 4166590937912555444, guid: dc18c30bf3e36d840a01a190e76ad810,
        type: 3}
      propertyPath: m_Color.g
      value: 0.5529412
      objectReference: {fileID: 0}
    - target: {fileID: 4166590937912555444, guid: dc18c30bf3e36d840a01a190e76ad810,
        type: 3}
      propertyPath: m_Color.b
      value: 0.9529412
      objectReference: {fileID: 0}
    - target: {fileID: 4736116330187470546, guid: dc18c30bf3e36d840a01a190e76ad810,
        type: 3}
      propertyPath: m_Name
      value: Sanity
      objectReference: {fileID: 0}
    - target: {fileID: 4988738836618118338, guid: dc18c30bf3e36d840a01a190e76ad810,
        type: 3}
      propertyPath: m_AnchorMax.x
      value: 0
      objectReference: {fileID: 0}
    - target: {fileID: 4988738836618118338, guid: dc18c30bf3e36d840a01a190e76ad810,
        type: 3}
      propertyPath: m_AnchorMax.y
      value: 0
      objectReference: {fileID: 0}
    - target: {fileID: 5426516972440960975, guid: dc18c30bf3e36d840a01a190e76ad810,
        type: 3}
      propertyPath: m_Name
      value: Sanity bar primary
      objectReference: {fileID: 0}
    - target: {fileID: 6060229721809291072, guid: dc18c30bf3e36d840a01a190e76ad810,
        type: 3}
      propertyPath: m_Name
      value: Sanity bar border
      objectReference: {fileID: 0}
    - target: {fileID: 6296890090360626234, guid: dc18c30bf3e36d840a01a190e76ad810,
        type: 3}
      propertyPath: m_Name
      value: Sanity bar secondary
      objectReference: {fileID: 0}
    - target: {fileID: 6639934000307635057, guid: dc18c30bf3e36d840a01a190e76ad810,
        type: 3}
      propertyPath: m_Name
      value: Sanity Bar
      objectReference: {fileID: 0}
    - target: {fileID: 6639934000307635057, guid: dc18c30bf3e36d840a01a190e76ad810,
        type: 3}
      propertyPath: m_IsActive
      value: 1
      objectReference: {fileID: 0}
    - target: {fileID: 7514532677470583338, guid: dc18c30bf3e36d840a01a190e76ad810,
        type: 3}
      propertyPath: m_Color.r
      value: 0.49768606
      objectReference: {fileID: 0}
    - target: {fileID: 7514532677470583338, guid: dc18c30bf3e36d840a01a190e76ad810,
        type: 3}
      propertyPath: m_Color.g
      value: 0.40690637
      objectReference: {fileID: 0}
    - target: {fileID: 7514532677470583338, guid: dc18c30bf3e36d840a01a190e76ad810,
        type: 3}
      propertyPath: m_Color.b
      value: 0.6792453
      objectReference: {fileID: 0}
    - target: {fileID: 8409774613823109523, guid: dc18c30bf3e36d840a01a190e76ad810,
        type: 3}
      propertyPath: m_AnchorMax.x
      value: 0
      objectReference: {fileID: 0}
    - target: {fileID: 8409774613823109523, guid: dc18c30bf3e36d840a01a190e76ad810,
        type: 3}
      propertyPath: m_AnchorMax.y
      value: 0
      objectReference: {fileID: 0}
    - target: {fileID: 8484929189387760028, guid: dc18c30bf3e36d840a01a190e76ad810,
        type: 3}
      propertyPath: m_AnchoredPosition.y
      value: 0
      objectReference: {fileID: 0}
    - target: {fileID: 8484929189387760028, guid: dc18c30bf3e36d840a01a190e76ad810,
        type: 3}
      propertyPath: m_LocalScale.x
      value: 1
      objectReference: {fileID: 0}
    - target: {fileID: 8484929189387760028, guid: dc18c30bf3e36d840a01a190e76ad810,
        type: 3}
      propertyPath: m_LocalScale.y
      value: 1
      objectReference: {fileID: 0}
    - target: {fileID: 8484929189387760028, guid: dc18c30bf3e36d840a01a190e76ad810,
        type: 3}
      propertyPath: m_LocalScale.z
      value: 1
      objectReference: {fileID: 0}
    - target: {fileID: 9067659893511846934, guid: dc18c30bf3e36d840a01a190e76ad810,
        type: 3}
      propertyPath: m_Name
      value: Sanity
      objectReference: {fileID: 0}
    m_RemovedComponents:
    - {fileID: 2028416928707290743, guid: dc18c30bf3e36d840a01a190e76ad810, type: 3}
    - {fileID: 5905649124787155648, guid: dc18c30bf3e36d840a01a190e76ad810, type: 3}
  m_SourcePrefab: {fileID: 100100000, guid: dc18c30bf3e36d840a01a190e76ad810, type: 3}
--- !u!224 &8200084347712629211 stripped
RectTransform:
  m_CorrespondingSourceObject: {fileID: 3921962634094904272, guid: dc18c30bf3e36d840a01a190e76ad810,
    type: 3}
  m_PrefabInstance: {fileID: 5161425858429446667}
  m_PrefabAsset: {fileID: 0}
--- !u!1001 &5711999402378370667
PrefabInstance:
  m_ObjectHideFlags: 0
  serializedVersion: 2
  m_Modification:
    m_TransformParent: {fileID: 7620071065524749089}
    m_Modifications:
    - target: {fileID: 6124462518201156968, guid: 69b118f980016bc4b8fade9b29dbbaf3,
        type: 3}
      propertyPath: m_IsActive
      value: 1
      objectReference: {fileID: 0}
    - target: {fileID: 6124462519381791554, guid: 69b118f980016bc4b8fade9b29dbbaf3,
        type: 3}
      propertyPath: m_LocalPosition.x
      value: 0
      objectReference: {fileID: 0}
    - target: {fileID: 6124462519381791554, guid: 69b118f980016bc4b8fade9b29dbbaf3,
        type: 3}
      propertyPath: m_LocalPosition.y
      value: 0
      objectReference: {fileID: 0}
    - target: {fileID: 6124462519381791554, guid: 69b118f980016bc4b8fade9b29dbbaf3,
        type: 3}
      propertyPath: m_LocalPosition.z
      value: -0.000019073486
      objectReference: {fileID: 0}
    - target: {fileID: 6124462519381791554, guid: 69b118f980016bc4b8fade9b29dbbaf3,
        type: 3}
      propertyPath: m_LocalRotation.x
      value: -0
      objectReference: {fileID: 0}
    - target: {fileID: 6124462519381791554, guid: 69b118f980016bc4b8fade9b29dbbaf3,
        type: 3}
      propertyPath: m_LocalRotation.y
      value: -0
      objectReference: {fileID: 0}
    - target: {fileID: 6124462519381791554, guid: 69b118f980016bc4b8fade9b29dbbaf3,
        type: 3}
      propertyPath: m_LocalRotation.z
      value: -0
      objectReference: {fileID: 0}
    - target: {fileID: 6124462519381791554, guid: 69b118f980016bc4b8fade9b29dbbaf3,
        type: 3}
      propertyPath: m_LocalRotation.w
      value: 1
      objectReference: {fileID: 0}
    - target: {fileID: 6124462519381791554, guid: 69b118f980016bc4b8fade9b29dbbaf3,
        type: 3}
      propertyPath: m_RootOrder
      value: 1
      objectReference: {fileID: 0}
    - target: {fileID: 6124462519381791554, guid: 69b118f980016bc4b8fade9b29dbbaf3,
        type: 3}
      propertyPath: m_LocalEulerAnglesHint.x
      value: 0
      objectReference: {fileID: 0}
    - target: {fileID: 6124462519381791554, guid: 69b118f980016bc4b8fade9b29dbbaf3,
        type: 3}
      propertyPath: m_LocalEulerAnglesHint.y
      value: 0
      objectReference: {fileID: 0}
    - target: {fileID: 6124462519381791554, guid: 69b118f980016bc4b8fade9b29dbbaf3,
        type: 3}
      propertyPath: m_LocalEulerAnglesHint.z
      value: 0
      objectReference: {fileID: 0}
    - target: {fileID: 6124462519381791554, guid: 69b118f980016bc4b8fade9b29dbbaf3,
        type: 3}
      propertyPath: m_AnchoredPosition.x
      value: -225
      objectReference: {fileID: 0}
    - target: {fileID: 6124462519381791554, guid: 69b118f980016bc4b8fade9b29dbbaf3,
        type: 3}
      propertyPath: m_AnchoredPosition.y
      value: -310.5
      objectReference: {fileID: 0}
    - target: {fileID: 6124462519381791554, guid: 69b118f980016bc4b8fade9b29dbbaf3,
        type: 3}
      propertyPath: m_SizeDelta.x
      value: 1094
      objectReference: {fileID: 0}
    - target: {fileID: 6124462519381791554, guid: 69b118f980016bc4b8fade9b29dbbaf3,
        type: 3}
      propertyPath: m_SizeDelta.y
      value: 530
      objectReference: {fileID: 0}
    - target: {fileID: 6124462519381791554, guid: 69b118f980016bc4b8fade9b29dbbaf3,
        type: 3}
      propertyPath: m_AnchorMin.x
      value: 0.5
      objectReference: {fileID: 0}
    - target: {fileID: 6124462519381791554, guid: 69b118f980016bc4b8fade9b29dbbaf3,
        type: 3}
      propertyPath: m_AnchorMin.y
      value: 0.5
      objectReference: {fileID: 0}
    - target: {fileID: 6124462519381791554, guid: 69b118f980016bc4b8fade9b29dbbaf3,
        type: 3}
      propertyPath: m_AnchorMax.x
      value: 0.5
      objectReference: {fileID: 0}
    - target: {fileID: 6124462519381791554, guid: 69b118f980016bc4b8fade9b29dbbaf3,
        type: 3}
      propertyPath: m_AnchorMax.y
      value: 0.5
      objectReference: {fileID: 0}
    - target: {fileID: 6124462519381791554, guid: 69b118f980016bc4b8fade9b29dbbaf3,
        type: 3}
      propertyPath: m_Pivot.x
      value: 0.5
      objectReference: {fileID: 0}
    - target: {fileID: 6124462519381791554, guid: 69b118f980016bc4b8fade9b29dbbaf3,
        type: 3}
      propertyPath: m_Pivot.y
      value: 0.5
      objectReference: {fileID: 0}
    - target: {fileID: 6124462519381791555, guid: 69b118f980016bc4b8fade9b29dbbaf3,
        type: 3}
      propertyPath: m_Name
      value: Spell1
      objectReference: {fileID: 0}
    - target: {fileID: 6124462519381791555, guid: 69b118f980016bc4b8fade9b29dbbaf3,
        type: 3}
      propertyPath: m_IsActive
      value: 1
      objectReference: {fileID: 0}
    m_RemovedComponents: []
  m_SourcePrefab: {fileID: 100100000, guid: 69b118f980016bc4b8fade9b29dbbaf3, type: 3}
--- !u!224 &1998312935590694185 stripped
RectTransform:
  m_CorrespondingSourceObject: {fileID: 6124462519381791554, guid: 69b118f980016bc4b8fade9b29dbbaf3,
    type: 3}
  m_PrefabInstance: {fileID: 5711999402378370667}
  m_PrefabAsset: {fileID: 0}
--- !u!114 &1998312936932266125 stripped
MonoBehaviour:
  m_CorrespondingSourceObject: {fileID: 6124462518576074470, guid: 69b118f980016bc4b8fade9b29dbbaf3,
    type: 3}
  m_PrefabInstance: {fileID: 5711999402378370667}
  m_PrefabAsset: {fileID: 0}
  m_GameObject: {fileID: 0}
  m_Enabled: 1
  m_EditorHideFlags: 0
  m_Script: {fileID: 11500000, guid: fe87c0e1cc204ed48ad3b37840f39efc, type: 3}
  m_Name: 
  m_EditorClassIdentifier: 
--- !u!1001 &8360284825146482072
PrefabInstance:
  m_ObjectHideFlags: 0
  serializedVersion: 2
  m_Modification:
    m_TransformParent: {fileID: 7620071065524749089}
    m_Modifications:
    - target: {fileID: 7260730658480407961, guid: 7051bbe85d22cda49972b5b19773bafa,
        type: 3}
      propertyPath: m_Name
      value: Spell3
      objectReference: {fileID: 0}
    - target: {fileID: 7260730658480407966, guid: 7051bbe85d22cda49972b5b19773bafa,
        type: 3}
      propertyPath: m_LocalPosition.x
      value: 0
      objectReference: {fileID: 0}
    - target: {fileID: 7260730658480407966, guid: 7051bbe85d22cda49972b5b19773bafa,
        type: 3}
      propertyPath: m_LocalPosition.y
      value: 0
      objectReference: {fileID: 0}
    - target: {fileID: 7260730658480407966, guid: 7051bbe85d22cda49972b5b19773bafa,
        type: 3}
      propertyPath: m_LocalPosition.z
      value: -0.000019073486
      objectReference: {fileID: 0}
    - target: {fileID: 7260730658480407966, guid: 7051bbe85d22cda49972b5b19773bafa,
        type: 3}
      propertyPath: m_LocalRotation.x
      value: -0
      objectReference: {fileID: 0}
    - target: {fileID: 7260730658480407966, guid: 7051bbe85d22cda49972b5b19773bafa,
        type: 3}
      propertyPath: m_LocalRotation.y
      value: -0
      objectReference: {fileID: 0}
    - target: {fileID: 7260730658480407966, guid: 7051bbe85d22cda49972b5b19773bafa,
        type: 3}
      propertyPath: m_LocalRotation.z
      value: -0
      objectReference: {fileID: 0}
    - target: {fileID: 7260730658480407966, guid: 7051bbe85d22cda49972b5b19773bafa,
        type: 3}
      propertyPath: m_LocalRotation.w
      value: 1
      objectReference: {fileID: 0}
    - target: {fileID: 7260730658480407966, guid: 7051bbe85d22cda49972b5b19773bafa,
        type: 3}
      propertyPath: m_RootOrder
      value: 3
      objectReference: {fileID: 0}
    - target: {fileID: 7260730658480407966, guid: 7051bbe85d22cda49972b5b19773bafa,
        type: 3}
      propertyPath: m_LocalEulerAnglesHint.x
      value: 0
      objectReference: {fileID: 0}
    - target: {fileID: 7260730658480407966, guid: 7051bbe85d22cda49972b5b19773bafa,
        type: 3}
      propertyPath: m_LocalEulerAnglesHint.y
      value: 0
      objectReference: {fileID: 0}
    - target: {fileID: 7260730658480407966, guid: 7051bbe85d22cda49972b5b19773bafa,
        type: 3}
      propertyPath: m_LocalEulerAnglesHint.z
      value: 0
      objectReference: {fileID: 0}
    - target: {fileID: 7260730658480407966, guid: 7051bbe85d22cda49972b5b19773bafa,
        type: 3}
      propertyPath: m_AnchoredPosition.x
      value: 75
      objectReference: {fileID: 0}
    - target: {fileID: 7260730658480407966, guid: 7051bbe85d22cda49972b5b19773bafa,
        type: 3}
      propertyPath: m_AnchoredPosition.y
      value: -310.5
      objectReference: {fileID: 0}
    - target: {fileID: 7260730658480407966, guid: 7051bbe85d22cda49972b5b19773bafa,
        type: 3}
      propertyPath: m_SizeDelta.x
      value: 1094
      objectReference: {fileID: 0}
    - target: {fileID: 7260730658480407966, guid: 7051bbe85d22cda49972b5b19773bafa,
        type: 3}
      propertyPath: m_SizeDelta.y
      value: 530
      objectReference: {fileID: 0}
    - target: {fileID: 7260730658480407966, guid: 7051bbe85d22cda49972b5b19773bafa,
        type: 3}
      propertyPath: m_AnchorMin.x
      value: 0.5
      objectReference: {fileID: 0}
    - target: {fileID: 7260730658480407966, guid: 7051bbe85d22cda49972b5b19773bafa,
        type: 3}
      propertyPath: m_AnchorMin.y
      value: 0.5
      objectReference: {fileID: 0}
    - target: {fileID: 7260730658480407966, guid: 7051bbe85d22cda49972b5b19773bafa,
        type: 3}
      propertyPath: m_AnchorMax.x
      value: 0.5
      objectReference: {fileID: 0}
    - target: {fileID: 7260730658480407966, guid: 7051bbe85d22cda49972b5b19773bafa,
        type: 3}
      propertyPath: m_AnchorMax.y
      value: 0.5
      objectReference: {fileID: 0}
    - target: {fileID: 7260730658480407966, guid: 7051bbe85d22cda49972b5b19773bafa,
        type: 3}
      propertyPath: m_Pivot.x
      value: 0.5
      objectReference: {fileID: 0}
    - target: {fileID: 7260730658480407966, guid: 7051bbe85d22cda49972b5b19773bafa,
        type: 3}
      propertyPath: m_Pivot.y
      value: 0.5
      objectReference: {fileID: 0}
    m_RemovedComponents: []
  m_SourcePrefab: {fileID: 100100000, guid: 7051bbe85d22cda49972b5b19773bafa, type: 3}
--- !u!224 &1208933721104881670 stripped
RectTransform:
  m_CorrespondingSourceObject: {fileID: 7260730658480407966, guid: 7051bbe85d22cda49972b5b19773bafa,
    type: 3}
  m_PrefabInstance: {fileID: 8360284825146482072}
  m_PrefabAsset: {fileID: 0}
--- !u!114 &1208933719897542700 stripped
MonoBehaviour:
  m_CorrespondingSourceObject: {fileID: 7260730659420622260, guid: 7051bbe85d22cda49972b5b19773bafa,
    type: 3}
  m_PrefabInstance: {fileID: 8360284825146482072}
  m_PrefabAsset: {fileID: 0}
  m_GameObject: {fileID: 0}
  m_Enabled: 1
  m_EditorHideFlags: 0
  m_Script: {fileID: 11500000, guid: fe87c0e1cc204ed48ad3b37840f39efc, type: 3}
  m_Name: 
  m_EditorClassIdentifier: 
--- !u!1001 &8908875762259362897
PrefabInstance:
  m_ObjectHideFlags: 0
  serializedVersion: 2
  m_Modification:
    m_TransformParent: {fileID: 7620071065524749089}
    m_Modifications:
    - target: {fileID: 2795424338955100248, guid: 619237ab9b2d1124e955d503643bda60,
        type: 3}
      propertyPath: m_Name
      value: Spell1Up
      objectReference: {fileID: 0}
    - target: {fileID: 2795424338955100248, guid: 619237ab9b2d1124e955d503643bda60,
        type: 3}
      propertyPath: m_IsActive
      value: 1
      objectReference: {fileID: 0}
    - target: {fileID: 2795424338955100249, guid: 619237ab9b2d1124e955d503643bda60,
        type: 3}
      propertyPath: m_LocalPosition.x
      value: 0
      objectReference: {fileID: 0}
    - target: {fileID: 2795424338955100249, guid: 619237ab9b2d1124e955d503643bda60,
        type: 3}
      propertyPath: m_LocalPosition.y
      value: 0
      objectReference: {fileID: 0}
    - target: {fileID: 2795424338955100249, guid: 619237ab9b2d1124e955d503643bda60,
        type: 3}
      propertyPath: m_LocalPosition.z
      value: -0.000019073486
      objectReference: {fileID: 0}
    - target: {fileID: 2795424338955100249, guid: 619237ab9b2d1124e955d503643bda60,
        type: 3}
      propertyPath: m_LocalRotation.x
      value: -0
      objectReference: {fileID: 0}
    - target: {fileID: 2795424338955100249, guid: 619237ab9b2d1124e955d503643bda60,
        type: 3}
      propertyPath: m_LocalRotation.y
      value: -0
      objectReference: {fileID: 0}
    - target: {fileID: 2795424338955100249, guid: 619237ab9b2d1124e955d503643bda60,
        type: 3}
      propertyPath: m_LocalRotation.z
      value: -0
      objectReference: {fileID: 0}
    - target: {fileID: 2795424338955100249, guid: 619237ab9b2d1124e955d503643bda60,
        type: 3}
      propertyPath: m_LocalRotation.w
      value: 1
      objectReference: {fileID: 0}
    - target: {fileID: 2795424338955100249, guid: 619237ab9b2d1124e955d503643bda60,
        type: 3}
      propertyPath: m_RootOrder
      value: 0
      objectReference: {fileID: 0}
    - target: {fileID: 2795424338955100249, guid: 619237ab9b2d1124e955d503643bda60,
        type: 3}
      propertyPath: m_LocalEulerAnglesHint.x
      value: 0
      objectReference: {fileID: 0}
    - target: {fileID: 2795424338955100249, guid: 619237ab9b2d1124e955d503643bda60,
        type: 3}
      propertyPath: m_LocalEulerAnglesHint.y
      value: 0
      objectReference: {fileID: 0}
    - target: {fileID: 2795424338955100249, guid: 619237ab9b2d1124e955d503643bda60,
        type: 3}
      propertyPath: m_LocalEulerAnglesHint.z
      value: 0
      objectReference: {fileID: 0}
    - target: {fileID: 2795424338955100249, guid: 619237ab9b2d1124e955d503643bda60,
        type: 3}
      propertyPath: m_AnchoredPosition.x
      value: -225
      objectReference: {fileID: 0}
    - target: {fileID: 2795424338955100249, guid: 619237ab9b2d1124e955d503643bda60,
        type: 3}
      propertyPath: m_AnchoredPosition.y
      value: -310.5
      objectReference: {fileID: 0}
    - target: {fileID: 2795424338955100249, guid: 619237ab9b2d1124e955d503643bda60,
        type: 3}
      propertyPath: m_SizeDelta.x
      value: 1094
      objectReference: {fileID: 0}
    - target: {fileID: 2795424338955100249, guid: 619237ab9b2d1124e955d503643bda60,
        type: 3}
      propertyPath: m_SizeDelta.y
      value: 530
      objectReference: {fileID: 0}
    - target: {fileID: 2795424338955100249, guid: 619237ab9b2d1124e955d503643bda60,
        type: 3}
      propertyPath: m_AnchorMin.x
      value: 0.5
      objectReference: {fileID: 0}
    - target: {fileID: 2795424338955100249, guid: 619237ab9b2d1124e955d503643bda60,
        type: 3}
      propertyPath: m_AnchorMin.y
      value: 0.5
      objectReference: {fileID: 0}
    - target: {fileID: 2795424338955100249, guid: 619237ab9b2d1124e955d503643bda60,
        type: 3}
      propertyPath: m_AnchorMax.x
      value: 0.5
      objectReference: {fileID: 0}
    - target: {fileID: 2795424338955100249, guid: 619237ab9b2d1124e955d503643bda60,
        type: 3}
      propertyPath: m_AnchorMax.y
      value: 0.5
      objectReference: {fileID: 0}
    - target: {fileID: 2795424338955100249, guid: 619237ab9b2d1124e955d503643bda60,
        type: 3}
      propertyPath: m_Pivot.x
      value: 0.5
      objectReference: {fileID: 0}
    - target: {fileID: 2795424338955100249, guid: 619237ab9b2d1124e955d503643bda60,
        type: 3}
      propertyPath: m_Pivot.y
      value: 0.5
      objectReference: {fileID: 0}
    - target: {fileID: 2795424339787740685, guid: 619237ab9b2d1124e955d503643bda60,
        type: 3}
      propertyPath: m_Enabled
      value: 0
      objectReference: {fileID: 0}
    - target: {fileID: 2795424339787740787, guid: 619237ab9b2d1124e955d503643bda60,
        type: 3}
      propertyPath: m_Name
      value: HeavyAttackImage
      objectReference: {fileID: 0}
    m_RemovedComponents: []
  m_SourcePrefab: {fileID: 100100000, guid: 619237ab9b2d1124e955d503643bda60, type: 3}
--- !u!224 &6731184818805597192 stripped
RectTransform:
  m_CorrespondingSourceObject: {fileID: 2795424338955100249, guid: 619237ab9b2d1124e955d503643bda60,
    type: 3}
  m_PrefabInstance: {fileID: 8908875762259362897}
  m_PrefabAsset: {fileID: 0}
--- !u!1001 &9044759189901911887
PrefabInstance:
  m_ObjectHideFlags: 0
  serializedVersion: 2
  m_Modification:
    m_TransformParent: {fileID: 7620071065524749089}
    m_Modifications:
    - target: {fileID: 3083929875278357660, guid: d30faae420200a64b8aeb68884e69ace,
        type: 3}
      propertyPath: m_LocalPosition.x
      value: 0
      objectReference: {fileID: 0}
    - target: {fileID: 3083929875278357660, guid: d30faae420200a64b8aeb68884e69ace,
        type: 3}
      propertyPath: m_LocalPosition.y
      value: 0
      objectReference: {fileID: 0}
    - target: {fileID: 3083929875278357660, guid: d30faae420200a64b8aeb68884e69ace,
        type: 3}
      propertyPath: m_LocalPosition.z
      value: -0.000019073486
      objectReference: {fileID: 0}
    - target: {fileID: 3083929875278357660, guid: d30faae420200a64b8aeb68884e69ace,
        type: 3}
      propertyPath: m_LocalRotation.x
      value: -0
      objectReference: {fileID: 0}
    - target: {fileID: 3083929875278357660, guid: d30faae420200a64b8aeb68884e69ace,
        type: 3}
      propertyPath: m_LocalRotation.y
      value: -0
      objectReference: {fileID: 0}
    - target: {fileID: 3083929875278357660, guid: d30faae420200a64b8aeb68884e69ace,
        type: 3}
      propertyPath: m_LocalRotation.z
      value: -0
      objectReference: {fileID: 0}
    - target: {fileID: 3083929875278357660, guid: d30faae420200a64b8aeb68884e69ace,
        type: 3}
      propertyPath: m_LocalRotation.w
      value: 1
      objectReference: {fileID: 0}
    - target: {fileID: 3083929875278357660, guid: d30faae420200a64b8aeb68884e69ace,
        type: 3}
      propertyPath: m_RootOrder
      value: 4
      objectReference: {fileID: 0}
    - target: {fileID: 3083929875278357660, guid: d30faae420200a64b8aeb68884e69ace,
        type: 3}
      propertyPath: m_LocalEulerAnglesHint.x
      value: 0
      objectReference: {fileID: 0}
    - target: {fileID: 3083929875278357660, guid: d30faae420200a64b8aeb68884e69ace,
        type: 3}
      propertyPath: m_LocalEulerAnglesHint.y
      value: 0
      objectReference: {fileID: 0}
    - target: {fileID: 3083929875278357660, guid: d30faae420200a64b8aeb68884e69ace,
        type: 3}
      propertyPath: m_LocalEulerAnglesHint.z
      value: 0
      objectReference: {fileID: 0}
    - target: {fileID: 3083929875278357660, guid: d30faae420200a64b8aeb68884e69ace,
        type: 3}
      propertyPath: m_AnchoredPosition.x
      value: 225
      objectReference: {fileID: 0}
    - target: {fileID: 3083929875278357660, guid: d30faae420200a64b8aeb68884e69ace,
        type: 3}
      propertyPath: m_AnchoredPosition.y
      value: -310.5
      objectReference: {fileID: 0}
    - target: {fileID: 3083929875278357660, guid: d30faae420200a64b8aeb68884e69ace,
        type: 3}
      propertyPath: m_SizeDelta.x
      value: 1094
      objectReference: {fileID: 0}
    - target: {fileID: 3083929875278357660, guid: d30faae420200a64b8aeb68884e69ace,
        type: 3}
      propertyPath: m_SizeDelta.y
      value: 530
      objectReference: {fileID: 0}
    - target: {fileID: 3083929875278357660, guid: d30faae420200a64b8aeb68884e69ace,
        type: 3}
      propertyPath: m_AnchorMin.x
      value: 0.5
      objectReference: {fileID: 0}
    - target: {fileID: 3083929875278357660, guid: d30faae420200a64b8aeb68884e69ace,
        type: 3}
      propertyPath: m_AnchorMin.y
      value: 0.5
      objectReference: {fileID: 0}
    - target: {fileID: 3083929875278357660, guid: d30faae420200a64b8aeb68884e69ace,
        type: 3}
      propertyPath: m_AnchorMax.x
      value: 0.5
      objectReference: {fileID: 0}
    - target: {fileID: 3083929875278357660, guid: d30faae420200a64b8aeb68884e69ace,
        type: 3}
      propertyPath: m_AnchorMax.y
      value: 0.5
      objectReference: {fileID: 0}
    - target: {fileID: 3083929875278357660, guid: d30faae420200a64b8aeb68884e69ace,
        type: 3}
      propertyPath: m_Pivot.x
      value: 0.5
      objectReference: {fileID: 0}
    - target: {fileID: 3083929875278357660, guid: d30faae420200a64b8aeb68884e69ace,
        type: 3}
      propertyPath: m_Pivot.y
      value: 0.5
      objectReference: {fileID: 0}
    - target: {fileID: 3083929875278357661, guid: d30faae420200a64b8aeb68884e69ace,
        type: 3}
      propertyPath: m_Name
      value: Spell4
      objectReference: {fileID: 0}
    m_RemovedComponents: []
  m_SourcePrefab: {fileID: 100100000, guid: d30faae420200a64b8aeb68884e69ace, type: 3}
--- !u!224 &6289595111888372691 stripped
RectTransform:
  m_CorrespondingSourceObject: {fileID: 3083929875278357660, guid: d30faae420200a64b8aeb68884e69ace,
    type: 3}
  m_PrefabInstance: {fileID: 9044759189901911887}
  m_PrefabAsset: {fileID: 0}
--- !u!114 &6289595111283222961 stripped
MonoBehaviour:
  m_CorrespondingSourceObject: {fileID: 3083929875746934526, guid: d30faae420200a64b8aeb68884e69ace,
    type: 3}
  m_PrefabInstance: {fileID: 9044759189901911887}
  m_PrefabAsset: {fileID: 0}
  m_GameObject: {fileID: 0}
  m_Enabled: 1
  m_EditorHideFlags: 0
  m_Script: {fileID: 11500000, guid: fe87c0e1cc204ed48ad3b37840f39efc, type: 3}
  m_Name: 
  m_EditorClassIdentifier: 
